{
    "Products": [
        {
            "Products": [
                {
                    "Stockcode": 771475,
                    "CupPrice": 0.38,
                    "CupMeasure": "100ML",
                    "CupString": "$0.38 / 100ML",
                    "HasCupPrice": true,
                    "Price": 1.7,
                    "Name": "Woolworths Select Shine Dishwashing Liquid Antibacterial",
                    "UrlFriendlyName": "woolworths-select-shine-dishwashing-liquid-antibacterial",
                    "Description": " Woolworths Select Shine<br>Dishwashing Liquid... 450ml",
                    "SmallImageFile": "https://wowprodmedia002aae.azureedge.net/content/wowproductimages/small/771475.jpg",
                    "MediumImageFile": "https://wowprodmedia002aae.azureedge.net/content/wowproductimages/medium/771475.jpg",
                    "LargeImageFile": "https://wowprodmedia002aae.azureedge.net/content/wowproductimages/large/771475.jpg",
                    "IsNew": false,
                    "IsOnSpecial": false,
                    "IsEdrSpecial": false,
                    "SavingsAmount": 0.0,
                    "WasPrice": 1.7,
                    "QuantityInTrolley": 0,
                    "Unit": "Each",
                    "MinimumQuantity": 1,
                    "IsInTrolley": false,
                    "Source": "SearchProducts",
                    "SupplyLimit": 36,
                    "PackageSize": "450ml",
                    "IsPmDelivery": false,
                    "IsForCollection": true,
                    "IsForDelivery": true,
                    "CentreTag": {
                        "TagContent": null,
                        "TagLink": null,
                        "FallbackText": null,
                        "TagType": "None"
                    },
                    "IsCentreTag": false,
                    "ImageTag": {
                        "TagContent": null,
                        "TagLink": null,
                        "FallbackText": "",
                        "TagType": "None"
                    },
                    "HeaderTag": {
                        "BackgroundColor": "#c20016",
                        "BorderColor": "#c20016",
                        "TextColor": "#fff",
                        "Content": "Low price <span class=\"u-semibold\">always</span>",
                        "TagLink": null,
                        "Promotion": "LowPrice"
                    },
                    "HasHeaderTag": true,
                    "UnitWeightInGrams": 450,
                    "SupplyLimitMessage": "'Woolworths Select Shine Dishwashing Liquid Antibacterial' has a supply limit of 36. The quantity in your cart has been reduced accordingly. To purchase a larger quantity, please contact us on 1800 000 610, or e-mail us at shoponline@woolworths.com.au. Please note - we do not supply trade orders.",
                    "SmallFormatDescription": "Woolworths Select Shine Dishwashing Liquid Antibacterial",
                    "FullDescription": "Woolworths Select Shine Dishwashing Liquid Antibacterial",
                    "IsAvailable": true,
                    "AgeRestricted": false,
                    "DisplayQuantity": 1,
                    "RichDescription": "<p>- Antibacterial</p><p>Fights germs on the sponge</p><p>- Concentrated</p><p>Uses less than ordinary dishwashing liquids</p><p>- Biodegradable surfactants</p><p>- No animal testing</p><p>- No added phosphorus</p>",
                    "IsDeliveryPass": false,
                    "HideWasSavedPrice": false,
                    "SapCategories": null,
                    "Brand": "woolworths select shine",
                    "FooterTag": {
                        "TagContent": "<div class=\"productTag-lowerpricealways\" style=\"\r\nheight:46px;\r\nposition:absolute;\r\ntop:-2px;\r\nleft:0;\r\nwidth:100%;\r\nbackground:#c20016;\r\ntext-align:center;\r\n\">\r\n<img src=\"https://wowpmediaaae.azureedge.net/content/content/lpa_footer_img2.png\" width=\"166px\" height=\"13px\" alt=\"Lower Price Always\" style=\"display:inline-block; margin-top:15px;\">\r\n</div>\r\n<style>\r\n.cardViewCompact wow-shelf-product:not(.override-global-size) .card:not(.is-smallFormat).shelfProductStamp .productTag-lowerpricealways img{\r\n                max-width: 90%;\r\n}\r\n</style>",
                        "TagLink": null,
                        "FallbackText": null,
                        "TagType": "Html"
                    },
                    "IsFooterEnabled": true,
                    "Diagnostics": null,
                    "IsBundle": false,
                    "ChildProducts": []
                }
            ],
            "Name": "Woolworths Select Shine Dishwashing Liquid Antibacterial"
        },
        {
            "Products": [
                {
                    "Stockcode": 829544,
                    "CupPrice": 0.99,
                    "CupMeasure": "100ML",
                    "CupString": "$0.99 / 100ML",
                    "HasCupPrice": true,
                    "Price": 3.95,
                    "Name": "Morning Fresh Dishwashing Liquid Original",
                    "UrlFriendlyName": "morning-fresh-dishwashing-liquid-original",
                    "Description": " Morning Fresh Dishwashing<br>Liquid Original 400ml",
                    "SmallImageFile": "https://wowprodmedia002aae.azureedge.net/content/wowproductimages/small/829544.jpg",
                    "MediumImageFile": "https://wowprodmedia002aae.azureedge.net/content/wowproductimages/medium/829544.jpg",
                    "LargeImageFile": "https://wowprodmedia002aae.azureedge.net/content/wowproductimages/large/829544.jpg",
                    "IsNew": false,
                    "IsOnSpecial": false,
                    "IsEdrSpecial": false,
                    "SavingsAmount": 0.00,
                    "WasPrice": 3.95,
                    "QuantityInTrolley": 0,
                    "Unit": "Each",
                    "MinimumQuantity": 1,
                    "IsInTrolley": false,
                    "Source": "SearchProducts",
                    "SupplyLimit": 36,
                    "PackageSize": "400ml",
                    "IsPmDelivery": false,
                    "IsForCollection": true,
                    "IsForDelivery": true,
                    "CentreTag": {
                        "TagContent": null,
                        "TagLink": null,
                        "FallbackText": null,
                        "TagType": "None"
                    },
                    "IsCentreTag": false,
                    "ImageTag": {
                        "TagContent": null,
                        "TagLink": null,
                        "FallbackText": "",
                        "TagType": "None"
                    },
                    "HeaderTag": null,
                    "HasHeaderTag": false,
                    "UnitWeightInGrams": 400,
                    "SupplyLimitMessage": "'Morning Fresh Dishwashing Liquid Original' has a supply limit of 36. The quantity in your cart has been reduced accordingly. To purchase a larger quantity, please contact us on 1800 000 610, or e-mail us at shoponline@woolworths.com.au. Please note - we do not supply trade orders.",
                    "SmallFormatDescription": "Morning Fresh Dishwashing Liquid Original",
                    "FullDescription": "Morning Fresh Dishwashing Liquid Original",
                    "IsAvailable": true,
                    "AgeRestricted": false,
                    "DisplayQuantity": 1,
                    "RichDescription": "<p>One Squirt is enough:</p><p>- Australia's no.1.</p><p>- Superior grease cutting powder.</p><p>- Biodegradable (The anionic and amphoteric surfactants are biodegradable according to AS4351).</p><p>- Super concentrate</p><p>- Dermatologically tested</p><p>- We never test on animals.</p>",
                    "IsDeliveryPass": false,
                    "HideWasSavedPrice": false,
                    "SapCategories": null,
                    "Brand": "morning fresh",
                    "FooterTag": {
                        "TagContent": null,
                        "TagLink": null,
                        "FallbackText": null,
                        "TagType": "None"
                    },
                    "IsFooterEnabled": false,
                    "Diagnostics": null,
                    "IsBundle": false,
                    "ChildProducts": []
                }
            ],
            "Name": "Morning Fresh Dishwashing Liquid Original"
        },
        {
            "Products": [
                {
                    "Stockcode": 471182,
                    "CupPrice": 5,
                    "CupMeasure": "1KG",
                    "CupString": "$5.00 / 1KG",
                    "HasCupPrice": true,
                    "Price": 9.99,
                    "Name": "Omo Sensitive Laundry Detergent Washing Powder Front & Top Loader",
                    "UrlFriendlyName": "omo-sensitive-laundry-detergent-washing-powder-front-top-loader",
                    "Description": " Omo Sensitive Laundry<br>Detergent Washing... 2kg",
                    "SmallImageFile": "https://wowprodmedia002aae.azureedge.net/content/wowproductimages/small/471182.jpg",
                    "MediumImageFile": "https://wowprodmedia002aae.azureedge.net/content/wowproductimages/medium/471182.jpg",
                    "LargeImageFile": "https://wowprodmedia002aae.azureedge.net/content/wowproductimages/large/471182.jpg",
                    "IsNew": false,
                    "IsOnSpecial": true,
                    "IsEdrSpecial": false,
                    "SavingsAmount": 10.00,
                    "WasPrice": 19.99,
                    "QuantityInTrolley": 0,
                    "Unit": "Each",
                    "MinimumQuantity": 1,
                    "IsInTrolley": false,
                    "Source": "SearchProducts",
                    "SupplyLimit": 36,
                    "PackageSize": "2kg",
                    "IsPmDelivery": false,
                    "IsForCollection": true,
                    "IsForDelivery": true,
                    "CentreTag": {
                        "TagContent": null,
                        "TagLink": null,
                        "FallbackText": null,
                        "TagType": "None"
                    },
                    "IsCentreTag": false,
                    "ImageTag": {
                        "TagContent": "/content/promotiontags/final-half-price.png",
                        "TagLink": "",
                        "FallbackText": "Half Price",
                        "TagType": "None"
                    },
                    "HeaderTag": {
                        "BackgroundColor": "#fd0",
                        "BorderColor": "#fd0",
                        "TextColor": "#000",
                        "Content": "Save $10.00",
                        "TagLink": null,
                        "Promotion": "Special"
                    },
                    "HasHeaderTag": true,
                    "UnitWeightInGrams": 2160,
                    "SupplyLimitMessage": "'Omo Sensitive Laundry Detergent Washing Powder Front & Top Loader' has a supply limit of 36. The quantity in your cart has been reduced accordingly. To purchase a larger quantity, please contact us on 1800 000 610, or e-mail us at shoponline@woolworths.com.au. Please note - we do not supply trade orders.",
                    "SmallFormatDescription": "Omo Sensitive Laundry Detergent Washing Powder Front & Top Loader",
                    "FullDescription": "Omo Sensitive Laundry Detergent Washing Powder Front & Top Loader",
                    "IsAvailable": true,
                    "AgeRestricted": false,
                    "DisplayQuantity": 1,
                    "RichDescription": "<p>Omo Sensitive has been dermatologically tested so you can trust it will leave clothes kind next to sensitive skin.</p><p>Omo Sensitive is free from potential irritants like dyes and perfumes, which can trigger a reaction on sensitive, baby and allergy prone skin.</p><p>Super Cleaning. Tough on stubborn stains, for both white and coloured clothes.</p><p></p>",
                    "IsDeliveryPass": false,
                    "HideWasSavedPrice": false,
                    "SapCategories": null,
                    "Brand": "omo sensitive",
                    "FooterTag": {
                        "TagContent": null,
                        "TagLink": null,
                        "FallbackText": null,
                        "TagType": "None"
                    },
                    "IsFooterEnabled": false,
                    "Diagnostics": null,
                    "IsBundle": false,
                    "ChildProducts": []
                }
            ],
            "Name": "Omo Sensitive Laundry Detergent Washing Powder Front & Top Loader"
        },
        {
            "Products": [
                {
                    "Stockcode": 462700,
                    "CupPrice": 10,
                    "CupMeasure": "1KG",
                    "CupString": "$10.00 / 1KG",
                    "HasCupPrice": true,
                    "Price": 10,
                    "Name": "Omo Sensitive Laundry Detergent Washing Powder Front & Top Loader",
                    "UrlFriendlyName": "omo-sensitive-laundry-detergent-washing-powder-front-top-loader",
                    "Description": " Omo Sensitive Laundry<br>Detergent Washing... 1kg",
                    "SmallImageFile": "https://wowprodmedia002aae.azureedge.net/content/wowproductimages/small/462700.jpg",
                    "MediumImageFile": "https://wowprodmedia002aae.azureedge.net/content/wowproductimages/medium/462700.jpg",
                    "LargeImageFile": "https://wowprodmedia002aae.azureedge.net/content/wowproductimages/large/462700.jpg",
                    "IsNew": false,
                    "IsOnSpecial": false,
                    "IsEdrSpecial": false,
                    "SavingsAmount": 0,
                    "WasPrice": 10,
                    "QuantityInTrolley": 0,
                    "Unit": "Each",
                    "MinimumQuantity": 1,
                    "IsInTrolley": false,
                    "Source": "SearchProducts",
                    "SupplyLimit": 36,
                    "PackageSize": "1kg",
                    "IsPmDelivery": false,
                    "IsForCollection": true,
                    "IsForDelivery": true,
                    "CentreTag": {
                        "TagContent": "<span style=\"COLOR: #e2001a\"> Was $11.99 19/04/2016</span>",
                        "TagLink": null,
                        "FallbackText": null,
                        "TagType": "Html"
                    },
                    "IsCentreTag": true,
                    "ImageTag": {
                        "TagContent": null,
                        "TagLink": null,
                        "FallbackText": "",
                        "TagType": "None"
                    },
                    "HeaderTag": {
                        "BackgroundColor": "#fff",
                        "BorderColor": "#c20016",
                        "TextColor": "#c20016",
                        "Content": "<span class=\"u-semibold\">Price dropped</span>",
                        "TagLink": null,
                        "Promotion": "PriceDropped"
                    },
                    "HasHeaderTag": true,
                    "UnitWeightInGrams": 1089,
                    "SupplyLimitMessage": "'Omo Sensitive Laundry Detergent Washing Powder Front & Top Loader' has a supply limit of 36. The quantity in your cart has been reduced accordingly. To purchase a larger quantity, please contact us on 1800 000 610, or e-mail us at shoponline@woolworths.com.au. Please note - we do not supply trade orders.",
                    "SmallFormatDescription": "Omo Sensitive Laundry Detergent Washing Powder Front & Top Loader",
                    "FullDescription": "Omo Sensitive Laundry Detergent Washing Powder Front & Top Loader",
                    "IsAvailable": true,
                    "AgeRestricted": false,
                    "DisplayQuantity": 1,
                    "RichDescription": "<p>Omo Sensitive is tough on stains, gentle on skin.</p><p>OMO sensitive has been dermatologically tested so you can trust it will leave clothes kind next to sensitive skin.</p><p>OMO sensitive is free from potential irritants like dyes and perfumes, which can trigger a reaction on sensitive, baby and allergy prone skin </p><p>Super cleaning. Tough on stubborn stains, for both white and coloured clothes.</p>",
                    "IsDeliveryPass": false,
                    "HideWasSavedPrice": false,
                    "SapCategories": null,
                    "Brand": "omo sensitive",
                    "FooterTag": {
                        "TagContent": "<div class=\"productTag-pricedropped\" style=\"\r\nheight:46px;\r\nposition:absolute;\r\ntop:-4px;\r\nleft:0;\r\nwidth:100%;\r\nbackground:white;\r\noutline: 1px solid #c20016;\r\ntext-align:center;\">\r\n\r\n<img src=\"https://wowpmediaaae.azureedge.net/content/content/pricedropped-footer-transparent.png\" width=\"204px\" height=\"16px\" alt=\"Price Dropped\" style=\"display:inline-block;margin-top:15px;max-width: 100%;\">\r\n</div>",
                        "TagLink": null,
                        "FallbackText": null,
                        "TagType": "Html"
                    },
                    "IsFooterEnabled": true,
                    "Diagnostics": null,
                    "IsBundle": false,
                    "ChildProducts": []
                }
            ],
            "Name": "Omo Sensitive Laundry Detergent Washing Powder Front & Top Loader"
        },
        {
            "Products": [
                {
                    "Stockcode": 430633,
                    "CupPrice": 6,
                    "CupMeasure": "1KG",
                    "CupString": "$6.00 / 1KG",
                    "HasCupPrice": true,
                    "Price": 30,
                    "Name": "Omo Sensitive Laundry Detergent Washing Powder Front & Top Loader",
                    "UrlFriendlyName": "omo-sensitive-laundry-detergent-washing-powder-front-top-loader",
                    "Description": " Omo Sensitive Laundry<br>Detergent Washing... 5kg",
                    "SmallImageFile": "https://wowprodmedia002aae.azureedge.net/content/wowproductimages/small/430633.jpg",
                    "MediumImageFile": "https://wowprodmedia002aae.azureedge.net/content/wowproductimages/medium/430633.jpg",
                    "LargeImageFile": "https://wowprodmedia002aae.azureedge.net/content/wowproductimages/large/430633.jpg",
                    "IsNew": false,
                    "IsOnSpecial": false,
                    "IsEdrSpecial": false,
                    "SavingsAmount": 0,
                    "WasPrice": 30,
                    "QuantityInTrolley": 0,
                    "Unit": "Each",
                    "MinimumQuantity": 1,
                    "IsInTrolley": false,
                    "Source": "SearchProducts",
                    "SupplyLimit": 36,
                    "PackageSize": "5kg",
                    "IsPmDelivery": false,
                    "IsForCollection": true,
                    "IsForDelivery": true,
                    "CentreTag": {
                        "TagContent": null,
                        "TagLink": null,
                        "FallbackText": null,
                        "TagType": "None"
                    },
                    "IsCentreTag": false,
                    "ImageTag": {
                        "TagContent": null,
                        "TagLink": null,
                        "FallbackText": "",
                        "TagType": "None"
                    },
                    "HeaderTag": {
                        "BackgroundColor": "#c20016",
                        "BorderColor": "#c20016",
                        "TextColor": "#fff",
                        "Content": "Low price <span class=\"u-semibold\">always</span>",
                        "TagLink": null,
                        "Promotion": "LowPrice"
                    },
                    "HasHeaderTag": true,
                    "UnitWeightInGrams": 5290,
                    "SupplyLimitMessage": "'Omo Sensitive Laundry Detergent Washing Powder Front & Top Loader' has a supply limit of 36. The quantity in your cart has been reduced accordingly. To purchase a larger quantity, please contact us on 1800 000 610, or e-mail us at shoponline@woolworths.com.au. Please note - we do not supply trade orders.",
                    "SmallFormatDescription": "Omo Sensitive Laundry Detergent Washing Powder Front & Top Loader",
                    "FullDescription": "Omo Sensitive Laundry Detergent Washing Powder Front & Top Loader",
                    "IsAvailable": true,
                    "AgeRestricted": false,
                    "DisplayQuantity": 1,
                    "RichDescription": "<p>OMO sensitive has been dermatologically tested so you can trust it will leave clothes kind next to sensitive skin.</p><p>OMO sensitive is free from potential irritants like dyes and perfumes, which can trigger a reaction on sensitive, baby bad allergy prone skin </p><p>Super cleaning. Tough on stubborn stains, for both white and coloured clothes.</p>",
                    "IsDeliveryPass": false,
                    "HideWasSavedPrice": false,
                    "SapCategories": null,
                    "Brand": "omo sensitive",
                    "FooterTag": {
                        "TagContent": "<div class=\"productTag-lowerpricealways\" style=\"\r\nheight:46px;\r\nposition:absolute;\r\ntop:-2px;\r\nleft:0;\r\nwidth:100%;\r\nbackground:#c20016;\r\ntext-align:center;\r\n\">\r\n<img src=\"https://wowpmediaaae.azureedge.net/content/content/lpa_footer_img2.png\" width=\"166px\" height=\"13px\" alt=\"Lower Price Always\" style=\"display:inline-block; margin-top:15px;\">\r\n</div>\r\n<style>\r\n.cardViewCompact wow-shelf-product:not(.override-global-size) .card:not(.is-smallFormat).shelfProductStamp .productTag-lowerpricealways img{\r\n                max-width: 90%;\r\n}\r\n</style>",
                        "TagLink": null,
                        "FallbackText": null,
                        "TagType": "Html"
                    },
                    "IsFooterEnabled": true,
                    "Diagnostics": null,
                    "IsBundle": false,
                    "ChildProducts": []
                }
            ],
            "Name": "Omo Sensitive Laundry Detergent Washing Powder Front & Top Loader"
        },
        {
            "Products": [
                {
                    "Stockcode": 840479,
                    "CupPrice": 4.49,
                    "CupMeasure": "1KG",
                    "CupString": "$4.49 / 1KG",
                    "HasCupPrice": true,
                    "Price": 4.49,
                    "Name": "Surf 2 In 1 Laundry Detergent Washing Powder Tropical Lily",
                    "UrlFriendlyName": "surf-2-in-1-laundry-detergent-washing-powder-tropical-lily",
                    "Description": " Surf 2 In 1 Laundry<br>Detergent Washing... 1kg",
                    "SmallImageFile": "https://wowprodmedia002aae.azureedge.net/content/wowproductimages/small/840479.jpg",
                    "MediumImageFile": "https://wowprodmedia002aae.azureedge.net/content/wowproductimages/medium/840479.jpg",
                    "LargeImageFile": "https://wowprodmedia002aae.azureedge.net/content/wowproductimages/large/840479.jpg",
                    "IsNew": false,
                    "IsOnSpecial": false,
                    "IsEdrSpecial": false,
                    "SavingsAmount": 0.00,
                    "WasPrice": 4.49,
                    "QuantityInTrolley": 0,
                    "Unit": "Each",
                    "MinimumQuantity": 1,
                    "IsInTrolley": false,
                    "Source": "SearchProducts",
                    "SupplyLimit": 36,
                    "PackageSize": "1kg",
                    "IsPmDelivery": false,
                    "IsForCollection": true,
                    "IsForDelivery": true,
                    "CentreTag": {
                        "TagContent": null,
                        "TagLink": null,
                        "FallbackText": null,
                        "TagType": "None"
                    },
                    "IsCentreTag": false,
                    "ImageTag": {
                        "TagContent": null,
                        "TagLink": null,
                        "FallbackText": "",
                        "TagType": "None"
                    },
                    "HeaderTag": {
                        "BackgroundColor": "#c20016",
                        "BorderColor": "#c20016",
                        "TextColor": "#fff",
                        "Content": "Low price <span class=\"u-semibold\">always</span>",
                        "TagLink": null,
                        "Promotion": "LowPrice"
                    },
                    "HasHeaderTag": true,
                    "UnitWeightInGrams": 1117,
                    "SupplyLimitMessage": "'Surf 2 In 1 Laundry Detergent Washing Powder Tropical Lily' has a supply limit of 36. The quantity in your cart has been reduced accordingly. To purchase a larger quantity, please contact us on 1800 000 610, or e-mail us at shoponline@woolworths.com.au. Please note - we do not supply trade orders.",
                    "SmallFormatDescription": "Surf 2 In 1 Laundry Detergent Washing Powder Tropical Lily",
                    "FullDescription": "Surf 2 In 1 Laundry Detergent Washing Powder Tropical Lily",
                    "IsAvailable": true,
                    "AgeRestricted": false,
                    "DisplayQuantity": 1,
                    "RichDescription": "<p>Each scoop of Surf gives you a brilliant clean with added softness and long lasting freshness because it has built in fabric softener!</p>",
                    "IsDeliveryPass": false,
                    "HideWasSavedPrice": false,
                    "SapCategories": null,
                    "Brand": "surf 2 in 1",
                    "FooterTag": {
                        "TagContent": "<div class=\"productTag-lowerpricealways\" style=\"\r\nheight:46px;\r\nposition:absolute;\r\ntop:-2px;\r\nleft:0;\r\nwidth:100%;\r\nbackground:#c20016;\r\ntext-align:center;\r\n\">\r\n<img src=\"https://wowpmediaaae.azureedge.net/content/content/lpa_footer_img2.png\" width=\"166px\" height=\"13px\" alt=\"Lower Price Always\" style=\"display:inline-block; margin-top:15px;\">\r\n</div>\r\n<style>\r\n.cardViewCompact wow-shelf-product:not(.override-global-size) .card:not(.is-smallFormat).shelfProductStamp .productTag-lowerpricealways img{\r\n                max-width: 90%;\r\n}\r\n</style>",
                        "TagLink": null,
                        "FallbackText": null,
                        "TagType": "Html"
                    },
                    "IsFooterEnabled": true,
                    "Diagnostics": null,
                    "IsBundle": false,
                    "ChildProducts": []
                }
            ],
            "Name": "Surf 2 In 1 Laundry Detergent Washing Powder Tropical Lily"
        },
        {
            "Products": [
                {
                    "Stockcode": 430629,
                    "CupPrice": 6,
                    "CupMeasure": "1KG",
                    "CupString": "$6.00 / 1KG",
                    "HasCupPrice": true,
                    "Price": 30,
                    "Name": "Omo Ultimate Laundry Detergent Washing Powder Front & Top Loader",
                    "UrlFriendlyName": "omo-ultimate-laundry-detergent-washing-powder-front-top-loader",
                    "Description": " Omo Ultimate Laundry<br>Detergent Washing... 5kg",
                    "SmallImageFile": "https://wowprodmedia002aae.azureedge.net/content/wowproductimages/small/430629.jpg",
                    "MediumImageFile": "https://wowprodmedia002aae.azureedge.net/content/wowproductimages/medium/430629.jpg",
                    "LargeImageFile": "https://wowprodmedia002aae.azureedge.net/content/wowproductimages/large/430629.jpg",
                    "IsNew": false,
                    "IsOnSpecial": false,
                    "IsEdrSpecial": false,
                    "SavingsAmount": 0,
                    "WasPrice": 30,
                    "QuantityInTrolley": 0,
                    "Unit": "Each",
                    "MinimumQuantity": 1,
                    "IsInTrolley": false,
                    "Source": "SearchProducts",
                    "SupplyLimit": 36,
                    "PackageSize": "5kg",
                    "IsPmDelivery": false,
                    "IsForCollection": true,
                    "IsForDelivery": true,
                    "CentreTag": {
                        "TagContent": null,
                        "TagLink": null,
                        "FallbackText": null,
                        "TagType": "None"
                    },
                    "IsCentreTag": false,
                    "ImageTag": {
                        "TagContent": null,
                        "TagLink": null,
                        "FallbackText": "",
                        "TagType": "None"
                    },
                    "HeaderTag": {
                        "BackgroundColor": "#c20016",
                        "BorderColor": "#c20016",
                        "TextColor": "#fff",
                        "Content": "Low price <span class=\"u-semibold\">always</span>",
                        "TagLink": null,
                        "Promotion": "LowPrice"
                    },
                    "HasHeaderTag": true,
                    "UnitWeightInGrams": 5290,
                    "SupplyLimitMessage": "'Omo Ultimate Laundry Detergent Washing Powder Front & Top Loader' has a supply limit of 36. The quantity in your cart has been reduced accordingly. To purchase a larger quantity, please contact us on 1800 000 610, or e-mail us at shoponline@woolworths.com.au. Please note - we do not supply trade orders.",
                    "SmallFormatDescription": "Omo Ultimate Laundry Detergent Washing Powder Front & Top Loader",
                    "FullDescription": "Omo Ultimate Laundry Detergent Washing Powder Front & Top Loader",
                    "IsAvailable": true,
                    "AgeRestricted": false,
                    "DisplayQuantity": 1,
                    "RichDescription": "<p>Negligible Phosphorus <0.5%</p><p>Omo Ultimate tackles 99 tough stains:</p><p>With its advanced formula that combines the power of detergent,whitenersand pre-treaters Omo Ultimate offers super cleaning that tackles 99 tough stains.</p><p>Omo Ultimate dissolves to release extra cleaning power in your wash.</p><p>Proven to tackle 99 tough stains!</p><p>Recommendedby leading Machine Manufacturers:</p><p>- Fisher & Paykel</p><p>- Bosch</p><p>- Samsung</p><p>- Simpson</p><p>- Electrolux</p><p>- Whirlpool</p><p>- Siemens</p><p>- Aeg</p><p>Dirt is good.</p><p></p>",
                    "IsDeliveryPass": false,
                    "HideWasSavedPrice": false,
                    "SapCategories": null,
                    "Brand": "omo ultimate",
                    "FooterTag": {
                        "TagContent": "<div class=\"productTag-lowerpricealways\" style=\"\r\nheight:46px;\r\nposition:absolute;\r\ntop:-2px;\r\nleft:0;\r\nwidth:100%;\r\nbackground:#c20016;\r\ntext-align:center;\r\n\">\r\n<img src=\"https://wowpmediaaae.azureedge.net/content/content/lpa_footer_img2.png\" width=\"166px\" height=\"13px\" alt=\"Lower Price Always\" style=\"display:inline-block; margin-top:15px;\">\r\n</div>\r\n<style>\r\n.cardViewCompact wow-shelf-product:not(.override-global-size) .card:not(.is-smallFormat).shelfProductStamp .productTag-lowerpricealways img{\r\n                max-width: 90%;\r\n}\r\n</style>",
                        "TagLink": null,
                        "FallbackText": null,
                        "TagType": "Html"
                    },
                    "IsFooterEnabled": true,
                    "Diagnostics": null,
                    "IsBundle": false,
                    "ChildProducts": []
                },
                {
                    "Stockcode": 471184,
                    "CupPrice": 11,
                    "CupMeasure": "1KG",
                    "CupString": "$11.00 / 1KG",
                    "HasCupPrice": true,
                    "Price": 21.99,
                    "Name": "Omo Ultimate Laundry Detergent Washing Powder Front & Top Loader",
                    "UrlFriendlyName": "omo-ultimate-laundry-detergent-washing-powder-front-top-loader",
                    "Description": " Omo Ultimate Laundry<br>Detergent Washing... 2kg",
                    "SmallImageFile": "https://wowprodmedia002aae.azureedge.net/content/wowproductimages/small/471184.jpg",
                    "MediumImageFile": "https://wowprodmedia002aae.azureedge.net/content/wowproductimages/medium/471184.jpg",
                    "LargeImageFile": "https://wowprodmedia002aae.azureedge.net/content/wowproductimages/large/471184.jpg",
                    "IsNew": false,
                    "IsOnSpecial": false,
                    "IsEdrSpecial": false,
                    "SavingsAmount": 0.00,
                    "WasPrice": 21.99,
                    "QuantityInTrolley": 0,
                    "Unit": "Each",
                    "MinimumQuantity": 1,
                    "IsInTrolley": false,
                    "Source": "SearchProducts",
                    "SupplyLimit": 36,
                    "PackageSize": "2kg",
                    "IsPmDelivery": false,
                    "IsForCollection": true,
                    "IsForDelivery": true,
                    "CentreTag": {
                        "TagContent": null,
                        "TagLink": null,
                        "FallbackText": null,
                        "TagType": "None"
                    },
                    "IsCentreTag": false,
                    "ImageTag": {
                        "TagContent": null,
                        "TagLink": null,
                        "FallbackText": "",
                        "TagType": "None"
                    },
                    "HeaderTag": null,
                    "HasHeaderTag": false,
                    "UnitWeightInGrams": 2160,
                    "SupplyLimitMessage": "'Omo Ultimate Laundry Detergent Washing Powder Front & Top Loader' has a supply limit of 36. The quantity in your cart has been reduced accordingly. To purchase a larger quantity, please contact us on 1800 000 610, or e-mail us at shoponline@woolworths.com.au. Please note - we do not supply trade orders.",
                    "SmallFormatDescription": "Omo Ultimate Laundry Detergent Washing Powder Front & Top Loader",
                    "FullDescription": "Omo Ultimate Laundry Detergent Washing Powder Front & Top Loader",
                    "IsAvailable": true,
                    "AgeRestricted": false,
                    "DisplayQuantity": 1,
                    "RichDescription": "<p>Omo Ultimate tackles 99 tough stains with its advanced formula that combines the power of detergent, whiteners and pre-treaters Omo Ultimate offers super cleaning that tackles 99 tough stains.</p><p>Omo Ultimate dissolves to release extra cleaning power in your wash.</p><p>Proven to tackle 99 tough stains!</p><p>Recommended by leading Machine Manufacturers:</p><p>- Fisher & Paykel</p><p>- Samsung</p><p>- Electrolux</p><p>- Siemens</p><p>- Bosch</p><p>- Simpson</p><p>- Whirlpool</p><p>- AEG</p><p></p><p>Tip: To get the best out of your machine, every 3 months run a hot wash with 1 scoop of OMO with no clothes.</p><p></p><p>Cleaner Planet Plan</p><p>Our Cleaner Planet Plan is about reducing the impact of our products on the environment - so they're not only great at cleaning, but they also tread a little lighter on the planet.</p><p>We promise to do our bit - and you can help make an even bigger difference by doing some of these simple things...</p><p>Find out more at: www.omo.comau/cleaner-planet-plan</p><p>Registered Trademark Unilever Australasia authorised user.</p><p></p>",
                    "IsDeliveryPass": false,
                    "HideWasSavedPrice": false,
                    "SapCategories": null,
                    "Brand": "omo ultimate",
                    "FooterTag": {
                        "TagContent": null,
                        "TagLink": null,
                        "FallbackText": null,
                        "TagType": "None"
                    },
                    "IsFooterEnabled": false,
                    "Diagnostics": null,
                    "IsBundle": false,
                    "ChildProducts": []
                },
                {
                    "Stockcode": 466100,
                    "CupPrice": 11,
                    "CupMeasure": "1KG",
                    "CupString": "$11.00 / 1KG",
                    "HasCupPrice": true,
                    "Price": 11,
                    "Name": "Omo Ultimate Laundry Detergent Washing Powder Front & Top Loader",
                    "UrlFriendlyName": "omo-ultimate-laundry-detergent-washing-powder-front-top-loader",
                    "Description": " Omo Ultimate Laundry<br>Detergent Washing... 1kg",
                    "SmallImageFile": "https://wowprodmedia002aae.azureedge.net/content/wowproductimages/small/466100.jpg",
                    "MediumImageFile": "https://wowprodmedia002aae.azureedge.net/content/wowproductimages/medium/466100.jpg",
                    "LargeImageFile": "https://wowprodmedia002aae.azureedge.net/content/wowproductimages/large/466100.jpg",
                    "IsNew": false,
                    "IsOnSpecial": false,
                    "IsEdrSpecial": false,
                    "SavingsAmount": 0,
                    "WasPrice": 11,
                    "QuantityInTrolley": 0,
                    "Unit": "Each",
                    "MinimumQuantity": 1,
                    "IsInTrolley": false,
                    "Source": "SearchProducts",
                    "SupplyLimit": 36,
                    "PackageSize": "1kg",
                    "IsPmDelivery": false,
                    "IsForCollection": true,
                    "IsForDelivery": true,
                    "CentreTag": {
                        "TagContent": "<span style=\"COLOR: #e2001a\"> Was $11.99 05/12/16</span>",
                        "TagLink": null,
                        "FallbackText": null,
                        "TagType": "Html"
                    },
                    "IsCentreTag": true,
                    "ImageTag": {
                        "TagContent": null,
                        "TagLink": null,
                        "FallbackText": "",
                        "TagType": "None"
                    },
                    "HeaderTag": {
                        "BackgroundColor": "#fff",
                        "BorderColor": "#c20016",
                        "TextColor": "#c20016",
                        "Content": "<span class=\"u-semibold\">Price dropped</span>",
                        "TagLink": null,
                        "Promotion": "PriceDropped"
                    },
                    "HasHeaderTag": true,
                    "UnitWeightInGrams": 1089,
                    "SupplyLimitMessage": "'Omo Ultimate Laundry Detergent Washing Powder Front & Top Loader' has a supply limit of 36. The quantity in your cart has been reduced accordingly. To purchase a larger quantity, please contact us on 1800 000 610, or e-mail us at shoponline@woolworths.com.au. Please note - we do not supply trade orders.",
                    "SmallFormatDescription": "Omo Ultimate Laundry Detergent Washing Powder Front & Top Loader",
                    "FullDescription": "Omo Ultimate Laundry Detergent Washing Powder Front & Top Loader",
                    "IsAvailable": true,
                    "AgeRestricted": false,
                    "DisplayQuantity": 1,
                    "RichDescription": "<p>Our cleaner planet plan our cleaner planet plan is about reducing the impact of our products on the environment - so they're not only great at cleaning, but they also tread a little lighter on the planet. </p><p>We promise to do our bit - and you can help make an even bigger difference by doing some of these simple things.</p><p>OMO Ultimate tackles 99 tough stains With its advanced formula that combines the power of detergent, whiteners and pre-treaters OMO Ultimate offers super cleaning that tackles 99 tough stains. </p><p>OMO Ultimate dissolves to release extra cleaning power in your wash. </p><p>Proven to tackle 99 tough stains</p><p> </p>",
                    "IsDeliveryPass": false,
                    "HideWasSavedPrice": false,
                    "SapCategories": null,
                    "Brand": "omo ultimate",
                    "FooterTag": {
                        "TagContent": "<div class=\"productTag-pricedropped\" style=\"\r\nheight:46px;\r\nposition:absolute;\r\ntop:-4px;\r\nleft:0;\r\nwidth:100%;\r\nbackground:white;\r\noutline: 1px solid #c20016;\r\ntext-align:center;\">\r\n\r\n<img src=\"https://wowpmediaaae.azureedge.net/content/content/pricedropped-footer-transparent.png\" width=\"204px\" height=\"16px\" alt=\"Price Dropped\" style=\"display:inline-block;margin-top:15px;max-width: 100%;\">\r\n</div>",
                        "TagLink": null,
                        "FallbackText": null,
                        "TagType": "Html"
                    },
                    "IsFooterEnabled": true,
                    "Diagnostics": null,
                    "IsBundle": false,
                    "ChildProducts": []
                }
            ],
            "Name": "Omo Ultimate Power"
        },
        {
            "Products": [
                {
                    "Stockcode": 466100,
                    "CupPrice": 11,
                    "CupMeasure": "1KG",
                    "CupString": "$11.00 / 1KG",
                    "HasCupPrice": true,
                    "Price": 11,
                    "Name": "Omo Ultimate Laundry Detergent Washing Powder Front & Top Loader",
                    "UrlFriendlyName": "omo-ultimate-laundry-detergent-washing-powder-front-top-loader",
                    "Description": " Omo Ultimate Laundry<br>Detergent Washing... 1kg",
                    "SmallImageFile": "https://wowprodmedia002aae.azureedge.net/content/wowproductimages/small/466100.jpg",
                    "MediumImageFile": "https://wowprodmedia002aae.azureedge.net/content/wowproductimages/medium/466100.jpg",
                    "LargeImageFile": "https://wowprodmedia002aae.azureedge.net/content/wowproductimages/large/466100.jpg",
                    "IsNew": false,
                    "IsOnSpecial": false,
                    "IsEdrSpecial": false,
                    "SavingsAmount": 0,
                    "WasPrice": 11,
                    "QuantityInTrolley": 0,
                    "Unit": "Each",
                    "MinimumQuantity": 1,
                    "IsInTrolley": false,
                    "Source": "SearchProducts",
                    "SupplyLimit": 36,
                    "PackageSize": "1kg",
                    "IsPmDelivery": false,
                    "IsForCollection": true,
                    "IsForDelivery": true,
                    "CentreTag": {
                        "TagContent": "<span style=\"COLOR: #e2001a\"> Was $11.99 05/12/16</span>",
                        "TagLink": null,
                        "FallbackText": null,
                        "TagType": "Html"
                    },
                    "IsCentreTag": true,
                    "ImageTag": {
                        "TagContent": null,
                        "TagLink": null,
                        "FallbackText": "",
                        "TagType": "None"
                    },
                    "HeaderTag": {
                        "BackgroundColor": "#fff",
                        "BorderColor": "#c20016",
                        "TextColor": "#c20016",
                        "Content": "<span class=\"u-semibold\">Price dropped</span>",
                        "TagLink": null,
                        "Promotion": "PriceDropped"
                    },
                    "HasHeaderTag": true,
                    "UnitWeightInGrams": 1089,
                    "SupplyLimitMessage": "'Omo Ultimate Laundry Detergent Washing Powder Front & Top Loader' has a supply limit of 36. The quantity in your cart has been reduced accordingly. To purchase a larger quantity, please contact us on 1800 000 610, or e-mail us at shoponline@woolworths.com.au. Please note - we do not supply trade orders.",
                    "SmallFormatDescription": "Omo Ultimate Laundry Detergent Washing Powder Front & Top Loader",
                    "FullDescription": "Omo Ultimate Laundry Detergent Washing Powder Front & Top Loader",
                    "IsAvailable": true,
                    "AgeRestricted": false,
                    "DisplayQuantity": 1,
                    "RichDescription": "<p>Our cleaner planet plan our cleaner planet plan is about reducing the impact of our products on the environment - so they're not only great at cleaning, but they also tread a little lighter on the planet. </p><p>We promise to do our bit - and you can help make an even bigger difference by doing some of these simple things.</p><p>OMO Ultimate tackles 99 tough stains With its advanced formula that combines the power of detergent, whiteners and pre-treaters OMO Ultimate offers super cleaning that tackles 99 tough stains. </p><p>OMO Ultimate dissolves to release extra cleaning power in your wash. </p><p>Proven to tackle 99 tough stains</p><p> </p>",
                    "IsDeliveryPass": false,
                    "HideWasSavedPrice": false,
                    "SapCategories": null,
                    "Brand": "omo ultimate",
                    "FooterTag": {
                        "TagContent": "<div class=\"productTag-pricedropped\" style=\"\r\nheight:46px;\r\nposition:absolute;\r\ntop:-4px;\r\nleft:0;\r\nwidth:100%;\r\nbackground:white;\r\noutline: 1px solid #c20016;\r\ntext-align:center;\">\r\n\r\n<img src=\"https://wowpmediaaae.azureedge.net/content/content/pricedropped-footer-transparent.png\" width=\"204px\" height=\"16px\" alt=\"Price Dropped\" style=\"display:inline-block;margin-top:15px;max-width: 100%;\">\r\n</div>",
                        "TagLink": null,
                        "FallbackText": null,
                        "TagType": "Html"
                    },
                    "IsFooterEnabled": true,
                    "Diagnostics": null,
                    "IsBundle": false,
                    "ChildProducts": []
                }
            ],
            "Name": "Omo Ultimate Laundry Detergent Washing Powder Front & Top Loader"
        },
        {
            "Products": [
                {
                    "Stockcode": 430629,
                    "CupPrice": 6,
                    "CupMeasure": "1KG",
                    "CupString": "$6.00 / 1KG",
                    "HasCupPrice": true,
                    "Price": 30,
                    "Name": "Omo Ultimate Laundry Detergent Washing Powder Front & Top Loader",
                    "UrlFriendlyName": "omo-ultimate-laundry-detergent-washing-powder-front-top-loader",
                    "Description": " Omo Ultimate Laundry<br>Detergent Washing... 5kg",
                    "SmallImageFile": "https://wowprodmedia002aae.azureedge.net/content/wowproductimages/small/430629.jpg",
                    "MediumImageFile": "https://wowprodmedia002aae.azureedge.net/content/wowproductimages/medium/430629.jpg",
                    "LargeImageFile": "https://wowprodmedia002aae.azureedge.net/content/wowproductimages/large/430629.jpg",
                    "IsNew": false,
                    "IsOnSpecial": false,
                    "IsEdrSpecial": false,
                    "SavingsAmount": 0,
                    "WasPrice": 30,
                    "QuantityInTrolley": 0,
                    "Unit": "Each",
                    "MinimumQuantity": 1,
                    "IsInTrolley": false,
                    "Source": "SearchProducts",
                    "SupplyLimit": 36,
                    "PackageSize": "5kg",
                    "IsPmDelivery": false,
                    "IsForCollection": true,
                    "IsForDelivery": true,
                    "CentreTag": {
                        "TagContent": null,
                        "TagLink": null,
                        "FallbackText": null,
                        "TagType": "None"
                    },
                    "IsCentreTag": false,
                    "ImageTag": {
                        "TagContent": null,
                        "TagLink": null,
                        "FallbackText": "",
                        "TagType": "None"
                    },
                    "HeaderTag": {
                        "BackgroundColor": "#c20016",
                        "BorderColor": "#c20016",
                        "TextColor": "#fff",
                        "Content": "Low price <span class=\"u-semibold\">always</span>",
                        "TagLink": null,
                        "Promotion": "LowPrice"
                    },
                    "HasHeaderTag": true,
                    "UnitWeightInGrams": 5290,
                    "SupplyLimitMessage": "'Omo Ultimate Laundry Detergent Washing Powder Front & Top Loader' has a supply limit of 36. The quantity in your cart has been reduced accordingly. To purchase a larger quantity, please contact us on 1800 000 610, or e-mail us at shoponline@woolworths.com.au. Please note - we do not supply trade orders.",
                    "SmallFormatDescription": "Omo Ultimate Laundry Detergent Washing Powder Front & Top Loader",
                    "FullDescription": "Omo Ultimate Laundry Detergent Washing Powder Front & Top Loader",
                    "IsAvailable": true,
                    "AgeRestricted": false,
                    "DisplayQuantity": 1,
                    "RichDescription": "<p>Negligible Phosphorus <0.5%</p><p>Omo Ultimate tackles 99 tough stains:</p><p>With its advanced formula that combines the power of detergent,whitenersand pre-treaters Omo Ultimate offers super cleaning that tackles 99 tough stains.</p><p>Omo Ultimate dissolves to release extra cleaning power in your wash.</p><p>Proven to tackle 99 tough stains!</p><p>Recommendedby leading Machine Manufacturers:</p><p>- Fisher & Paykel</p><p>- Bosch</p><p>- Samsung</p><p>- Simpson</p><p>- Electrolux</p><p>- Whirlpool</p><p>- Siemens</p><p>- Aeg</p><p>Dirt is good.</p><p></p>",
                    "IsDeliveryPass": false,
                    "HideWasSavedPrice": false,
                    "SapCategories": null,
                    "Brand": "omo ultimate",
                    "FooterTag": {
                        "TagContent": "<div class=\"productTag-lowerpricealways\" style=\"\r\nheight:46px;\r\nposition:absolute;\r\ntop:-2px;\r\nleft:0;\r\nwidth:100%;\r\nbackground:#c20016;\r\ntext-align:center;\r\n\">\r\n<img src=\"https://wowpmediaaae.azureedge.net/content/content/lpa_footer_img2.png\" width=\"166px\" height=\"13px\" alt=\"Lower Price Always\" style=\"display:inline-block; margin-top:15px;\">\r\n</div>\r\n<style>\r\n.cardViewCompact wow-shelf-product:not(.override-global-size) .card:not(.is-smallFormat).shelfProductStamp .productTag-lowerpricealways img{\r\n                max-width: 90%;\r\n}\r\n</style>",
                        "TagLink": null,
                        "FallbackText": null,
                        "TagType": "Html"
                    },
                    "IsFooterEnabled": true,
                    "Diagnostics": null,
                    "IsBundle": false,
                    "ChildProducts": []
                }
            ],
            "Name": "Omo Ultimate Laundry Detergent Washing Powder Front & Top Loader"
        },
        {
            "Products": [
                {
                    "Stockcode": 430650,
                    "CupPrice": 5,
                    "CupMeasure": "1KG",
                    "CupString": "$5.00 / 1KG",
                    "HasCupPrice": true,
                    "Price": 9.99,
                    "Name": "Omo Active Clean Laundry Detergent Washing Powder Front & Top Loader",
                    "UrlFriendlyName": "omo-active-clean-laundry-detergent-washing-powder-front-top-loader",
                    "Description": " Omo Active Clean Laundry<br>Detergent Washing... 2kg",
                    "SmallImageFile": "https://wowprodmedia002aae.azureedge.net/content/wowproductimages/small/430650.jpg",
                    "MediumImageFile": "https://wowprodmedia002aae.azureedge.net/content/wowproductimages/medium/430650.jpg",
                    "LargeImageFile": "https://wowprodmedia002aae.azureedge.net/content/wowproductimages/large/430650.jpg",
                    "IsNew": false,
                    "IsOnSpecial": true,
                    "IsEdrSpecial": false,
                    "SavingsAmount": 10.00,
                    "WasPrice": 19.99,
                    "QuantityInTrolley": 0,
                    "Unit": "Each",
                    "MinimumQuantity": 1,
                    "IsInTrolley": false,
                    "Source": "SearchProducts",
                    "SupplyLimit": 36,
                    "PackageSize": "2kg",
                    "IsPmDelivery": false,
                    "IsForCollection": true,
                    "IsForDelivery": true,
                    "CentreTag": {
                        "TagContent": null,
                        "TagLink": null,
                        "FallbackText": null,
                        "TagType": "None"
                    },
                    "IsCentreTag": false,
                    "ImageTag": {
                        "TagContent": "/content/promotiontags/final-half-price.png",
                        "TagLink": "",
                        "FallbackText": "Half Price",
                        "TagType": "None"
                    },
                    "HeaderTag": {
                        "BackgroundColor": "#fd0",
                        "BorderColor": "#fd0",
                        "TextColor": "#000",
                        "Content": "Save $10.00",
                        "TagLink": null,
                        "Promotion": "Special"
                    },
                    "HasHeaderTag": true,
                    "UnitWeightInGrams": 2160,
                    "SupplyLimitMessage": "'Omo Active Clean Laundry Detergent Washing Powder Front & Top Loader' has a supply limit of 36. The quantity in your cart has been reduced accordingly. To purchase a larger quantity, please contact us on 1800 000 610, or e-mail us at shoponline@woolworths.com.au. Please note - we do not supply trade orders.",
                    "SmallFormatDescription": "Omo Active Clean Laundry Detergent Washing Powder Front & Top Loader",
                    "FullDescription": "Omo Active Clean Laundry Detergent Washing Powder Front & Top Loader",
                    "IsAvailable": true,
                    "AgeRestricted": false,
                    "DisplayQuantity": 1,
                    "RichDescription": "<p>Omo with built in pre-treaters attacks tough stains first time like grease, oil, mud, grass and chocolate ice cream.</p><p>You'll love Omo's amazing stain removal.</p><p>Use OMO for amazing stain removal 1st time.</p><p></p><p></p>",
                    "IsDeliveryPass": false,
                    "HideWasSavedPrice": false,
                    "SapCategories": null,
                    "Brand": "omo active clean",
                    "FooterTag": {
                        "TagContent": null,
                        "TagLink": null,
                        "FallbackText": null,
                        "TagType": "None"
                    },
                    "IsFooterEnabled": false,
                    "Diagnostics": null,
                    "IsBundle": false,
                    "ChildProducts": []
                }
            ],
            "Name": "Omo Active Clean Laundry Detergent Washing Powder Front & Top Loader"
        },
        {
            "Products": [
                {
                    "Stockcode": 466090,
                    "CupPrice": 6,
                    "CupMeasure": "1KG",
                    "CupString": "$6.00 / 1KG",
                    "HasCupPrice": true,
                    "Price": 30,
                    "Name": "Omo Active Clean Laundry Detergent Washing Powder Front & Top Loader",
                    "UrlFriendlyName": "omo-active-clean-laundry-detergent-washing-powder-front-top-loader",
                    "Description": " Omo Active Clean Laundry<br>Detergent Washing... 5kg",
                    "SmallImageFile": "https://wowprodmedia002aae.azureedge.net/content/wowproductimages/small/466090.jpg",
                    "MediumImageFile": "https://wowprodmedia002aae.azureedge.net/content/wowproductimages/medium/466090.jpg",
                    "LargeImageFile": "https://wowprodmedia002aae.azureedge.net/content/wowproductimages/large/466090.jpg",
                    "IsNew": false,
                    "IsOnSpecial": false,
                    "IsEdrSpecial": false,
                    "SavingsAmount": 0,
                    "WasPrice": 30,
                    "QuantityInTrolley": 0,
                    "Unit": "Each",
                    "MinimumQuantity": 1,
                    "IsInTrolley": false,
                    "Source": "SearchProducts",
                    "SupplyLimit": 36,
                    "PackageSize": "5kg",
                    "IsPmDelivery": false,
                    "IsForCollection": true,
                    "IsForDelivery": true,
                    "CentreTag": {
                        "TagContent": null,
                        "TagLink": null,
                        "FallbackText": null,
                        "TagType": "None"
                    },
                    "IsCentreTag": false,
                    "ImageTag": {
                        "TagContent": null,
                        "TagLink": null,
                        "FallbackText": "",
                        "TagType": "None"
                    },
                    "HeaderTag": {
                        "BackgroundColor": "#c20016",
                        "BorderColor": "#c20016",
                        "TextColor": "#fff",
                        "Content": "Low price <span class=\"u-semibold\">always</span>",
                        "TagLink": null,
                        "Promotion": "LowPrice"
                    },
                    "HasHeaderTag": true,
                    "UnitWeightInGrams": 5290,
                    "SupplyLimitMessage": "'Omo Active Clean Laundry Detergent Washing Powder Front & Top Loader' has a supply limit of 36. The quantity in your cart has been reduced accordingly. To purchase a larger quantity, please contact us on 1800 000 610, or e-mail us at shoponline@woolworths.com.au. Please note - we do not supply trade orders.",
                    "SmallFormatDescription": "Omo Active Clean Laundry Detergent Washing Powder Front & Top Loader",
                    "FullDescription": "Omo Active Clean Laundry Detergent Washing Powder Front & Top Loader",
                    "IsAvailable": true,
                    "AgeRestricted": false,
                    "DisplayQuantity": 1,
                    "RichDescription": "<p>Negligible Phosphorus <0.5%</p><p>Use Omo for amazing stain removal 1st time:</p><p>- Omo with built in pre-treater attacks tough stains first time like grease, oil, mud, grass and chocolate ice cream.</p><p>- You'll love Omo's amazing stain removal.</p><p>Recommended by leading Machine Manufacturers:</p><p>- Fisher&Paykel</p><p>- Bosch</p><p>- Samsung</p><p>- Simpson</p><p>- Electrolux</p><p>- Whirlpool</p><p>- Siemens</p><p>- Aeg</p><p>Tip: to get the best out of your machine, every 3 months run a hot wash with 1 scoop of Omo with No clothes.</p><p></p>",
                    "IsDeliveryPass": false,
                    "HideWasSavedPrice": false,
                    "SapCategories": null,
                    "Brand": "omo active clean",
                    "FooterTag": {
                        "TagContent": "<div class=\"productTag-lowerpricealways\" style=\"\r\nheight:46px;\r\nposition:absolute;\r\ntop:-2px;\r\nleft:0;\r\nwidth:100%;\r\nbackground:#c20016;\r\ntext-align:center;\r\n\">\r\n<img src=\"https://wowpmediaaae.azureedge.net/content/content/lpa_footer_img2.png\" width=\"166px\" height=\"13px\" alt=\"Lower Price Always\" style=\"display:inline-block; margin-top:15px;\">\r\n</div>\r\n<style>\r\n.cardViewCompact wow-shelf-product:not(.override-global-size) .card:not(.is-smallFormat).shelfProductStamp .productTag-lowerpricealways img{\r\n                max-width: 90%;\r\n}\r\n</style>",
                        "TagLink": null,
                        "FallbackText": null,
                        "TagType": "Html"
                    },
                    "IsFooterEnabled": true,
                    "Diagnostics": null,
                    "IsBundle": false,
                    "ChildProducts": []
                }
            ],
            "Name": "Omo Active Clean Laundry Detergent Washing Powder Front & Top Loader"
        },
        {
            "Products": [
                {
                    "Stockcode": 460965,
                    "CupPrice": 10,
                    "CupMeasure": "1KG",
                    "CupString": "$10.00 / 1KG",
                    "HasCupPrice": true,
                    "Price": 10,
                    "Name": "Omo Active Clean Laundry Detergent Washing Powder Front & Top Loader",
                    "UrlFriendlyName": "omo-active-clean-laundry-detergent-washing-powder-front-top-loader",
                    "Description": " Omo Active Clean Laundry<br>Detergent Washing... 1kg",
                    "SmallImageFile": "https://wowprodmedia002aae.azureedge.net/content/wowproductimages/small/460965.jpg",
                    "MediumImageFile": "https://wowprodmedia002aae.azureedge.net/content/wowproductimages/medium/460965.jpg",
                    "LargeImageFile": "https://wowprodmedia002aae.azureedge.net/content/wowproductimages/large/460965.jpg",
                    "IsNew": false,
                    "IsOnSpecial": false,
                    "IsEdrSpecial": false,
                    "SavingsAmount": 0,
                    "WasPrice": 10,
                    "QuantityInTrolley": 0,
                    "Unit": "Each",
                    "MinimumQuantity": 1,
                    "IsInTrolley": false,
                    "Source": "SearchProducts",
                    "SupplyLimit": 36,
                    "PackageSize": "1kg",
                    "IsPmDelivery": false,
                    "IsForCollection": true,
                    "IsForDelivery": true,
                    "CentreTag": {
                        "TagContent": "<span style=\"COLOR: #e2001a\"> Was $11.99 19/04/2016</span>",
                        "TagLink": null,
                        "FallbackText": null,
                        "TagType": "Html"
                    },
                    "IsCentreTag": true,
                    "ImageTag": {
                        "TagContent": null,
                        "TagLink": null,
                        "FallbackText": "",
                        "TagType": "None"
                    },
                    "HeaderTag": {
                        "BackgroundColor": "#fff",
                        "BorderColor": "#c20016",
                        "TextColor": "#c20016",
                        "Content": "<span class=\"u-semibold\">Price dropped</span>",
                        "TagLink": null,
                        "Promotion": "PriceDropped"
                    },
                    "HasHeaderTag": true,
                    "UnitWeightInGrams": 1089,
                    "SupplyLimitMessage": "'Omo Active Clean Laundry Detergent Washing Powder Front & Top Loader' has a supply limit of 36. The quantity in your cart has been reduced accordingly. To purchase a larger quantity, please contact us on 1800 000 610, or e-mail us at shoponline@woolworths.com.au. Please note - we do not supply trade orders.",
                    "SmallFormatDescription": "Omo Active Clean Laundry Detergent Washing Powder Front & Top Loader",
                    "FullDescription": "Omo Active Clean Laundry Detergent Washing Powder Front & Top Loader",
                    "IsAvailable": true,
                    "AgeRestricted": false,
                    "DisplayQuantity": 1,
                    "RichDescription": "<p>Our cleaner planet plan our cleaner planet plan is about reducing the impact of our products on the environment - so they're not only great at cleaning, but they also tread a little lighter on the planet. </p><p>We promise to do our bit - and you can help make an even bigger difference by doing some of these simple things.</p><p>Add a dose of comfort for 4 in  conditioning benefits- Long lasting freshness, easy iron, anti-static, softness.</p><p>Use OMO for amazing stain removal 1st time.</p><p>OMO with built in pre-treaters attacks tough stains first time like grease, oil, mud, grass and chocolate ice cream. </p><p>You'll love OMO's amazing stain removal. </p><p> </p>",
                    "IsDeliveryPass": false,
                    "HideWasSavedPrice": false,
                    "SapCategories": null,
                    "Brand": "omo active clean",
                    "FooterTag": {
                        "TagContent": "<div class=\"productTag-pricedropped\" style=\"\r\nheight:46px;\r\nposition:absolute;\r\ntop:-4px;\r\nleft:0;\r\nwidth:100%;\r\nbackground:white;\r\noutline: 1px solid #c20016;\r\ntext-align:center;\">\r\n\r\n<img src=\"https://wowpmediaaae.azureedge.net/content/content/pricedropped-footer-transparent.png\" width=\"204px\" height=\"16px\" alt=\"Price Dropped\" style=\"display:inline-block;margin-top:15px;max-width: 100%;\">\r\n</div>",
                        "TagLink": null,
                        "FallbackText": null,
                        "TagType": "Html"
                    },
                    "IsFooterEnabled": true,
                    "Diagnostics": null,
                    "IsBundle": false,
                    "ChildProducts": []
                }
            ],
            "Name": "Omo Active Clean Laundry Detergent Washing Powder Front & Top Loader"
        },
        {
            "Products": [
                {
                    "Stockcode": 47621,
                    "CupPrice": 0.75,
                    "CupMeasure": "1L",
                    "CupString": "$0.75 / 1L",
                    "HasCupPrice": true,
                    "Price": 1.49,
                    "Name": "Homebrand Top & Front Loader Detergent",
                    "UrlFriendlyName": "homebrand-top-front-loader-detergent",
                    "Description": " Homebrand Top & Front Loader<br>Detergent 2l",
                    "SmallImageFile": "https://wowprodmedia002aae.azureedge.net/content/wowproductimages/small/047621.jpg",
                    "MediumImageFile": "https://wowprodmedia002aae.azureedge.net/content/wowproductimages/medium/047621.jpg",
                    "LargeImageFile": "https://wowprodmedia002aae.azureedge.net/content/wowproductimages/large/047621.jpg",
                    "IsNew": false,
                    "IsOnSpecial": false,
                    "IsEdrSpecial": false,
                    "SavingsAmount": 0.00,
                    "WasPrice": 1.49,
                    "QuantityInTrolley": 0,
                    "Unit": "Each",
                    "MinimumQuantity": 1,
                    "IsInTrolley": false,
                    "Source": "SearchProducts",
                    "SupplyLimit": 36,
                    "PackageSize": "2l",
                    "IsPmDelivery": false,
                    "IsForCollection": true,
                    "IsForDelivery": true,
                    "CentreTag": {
                        "TagContent": null,
                        "TagLink": null,
                        "FallbackText": null,
                        "TagType": "None"
                    },
                    "IsCentreTag": false,
                    "ImageTag": {
                        "TagContent": null,
                        "TagLink": null,
                        "FallbackText": "",
                        "TagType": "None"
                    },
                    "HeaderTag": null,
                    "HasHeaderTag": false,
                    "UnitWeightInGrams": 2000,
                    "SupplyLimitMessage": "'Homebrand Top & Front Loader Detergent' has a supply limit of 36. The quantity in your cart has been reduced accordingly. To purchase a larger quantity, please contact us on 1800 000 610, or e-mail us at shoponline@woolworths.com.au. Please note - we do not supply trade orders.",
                    "SmallFormatDescription": "Homebrand Top & Front Loader Detergent",
                    "FullDescription": "Homebrand Top & Front Loader Detergent",
                    "IsAvailable": true,
                    "AgeRestricted": false,
                    "DisplayQuantity": 1,
                    "RichDescription": null,
                    "IsDeliveryPass": false,
                    "HideWasSavedPrice": false,
                    "SapCategories": null,
                    "Brand": "homebrand",
                    "FooterTag": {
                        "TagContent": null,
                        "TagLink": null,
                        "FallbackText": null,
                        "TagType": "None"
                    },
                    "IsFooterEnabled": false,
                    "Diagnostics": null,
                    "IsBundle": false,
                    "ChildProducts": []
                }
            ],
            "Name": "Homebrand Top & Front Loader Detergent"
        },
        {
            "Products": [
                {
                    "Stockcode": 771473,
                    "CupPrice": 0.38,
                    "CupMeasure": "100ML",
                    "CupString": "$0.38 / 100ML",
                    "HasCupPrice": true,
                    "Price": 1.7,
                    "Name": "Woolworths Select Shine Dishwashing Liquid Lemon",
                    "UrlFriendlyName": "woolworths-select-shine-dishwashing-liquid-lemon",
                    "Description": " Woolworths Select Shine<br>Dishwashing Liquid... 450ml",
                    "SmallImageFile": "https://wowprodmedia002aae.azureedge.net/content/wowproductimages/small/771473.jpg",
                    "MediumImageFile": "https://wowprodmedia002aae.azureedge.net/content/wowproductimages/medium/771473.jpg",
                    "LargeImageFile": "https://wowprodmedia002aae.azureedge.net/content/wowproductimages/large/771473.jpg",
                    "IsNew": false,
                    "IsOnSpecial": false,
                    "IsEdrSpecial": false,
                    "SavingsAmount": 0.0,
                    "WasPrice": 1.7,
                    "QuantityInTrolley": 0,
                    "Unit": "Each",
                    "MinimumQuantity": 1,
                    "IsInTrolley": false,
                    "Source": "SearchProducts",
                    "SupplyLimit": 36,
                    "PackageSize": "450ml",
                    "IsPmDelivery": false,
                    "IsForCollection": true,
                    "IsForDelivery": true,
                    "CentreTag": {
                        "TagContent": null,
                        "TagLink": null,
                        "FallbackText": null,
                        "TagType": "None"
                    },
                    "IsCentreTag": false,
                    "ImageTag": {
                        "TagContent": null,
                        "TagLink": null,
                        "FallbackText": "",
                        "TagType": "None"
                    },
                    "HeaderTag": {
                        "BackgroundColor": "#c20016",
                        "BorderColor": "#c20016",
                        "TextColor": "#fff",
                        "Content": "Low price <span class=\"u-semibold\">always</span>",
                        "TagLink": null,
                        "Promotion": "LowPrice"
                    },
                    "HasHeaderTag": true,
                    "UnitWeightInGrams": 450,
                    "SupplyLimitMessage": "'Woolworths Select Shine Dishwashing Liquid Lemon' has a supply limit of 36. The quantity in your cart has been reduced accordingly. To purchase a larger quantity, please contact us on 1800 000 610, or e-mail us at shoponline@woolworths.com.au. Please note - we do not supply trade orders.",
                    "SmallFormatDescription": "Woolworths Select Shine Dishwashing Liquid Lemon",
                    "FullDescription": "Woolworths Select Shine Dishwashing Liquid Lemon",
                    "IsAvailable": true,
                    "AgeRestricted": false,
                    "DisplayQuantity": 1,
                    "RichDescription": "<p>- Concentrated Uses Less than ordinary dishwashing liquids.</p><p>- Biodegradable Surfactants</p><p>- No Animal Testing</p><p>- No Added Phosphorus</p>",
                    "IsDeliveryPass": false,
                    "HideWasSavedPrice": false,
                    "SapCategories": null,
                    "Brand": "woolworths select shine",
                    "FooterTag": {
                        "TagContent": "<div class=\"productTag-lowerpricealways\" style=\"\r\nheight:46px;\r\nposition:absolute;\r\ntop:-2px;\r\nleft:0;\r\nwidth:100%;\r\nbackground:#c20016;\r\ntext-align:center;\r\n\">\r\n<img src=\"https://wowpmediaaae.azureedge.net/content/content/lpa_footer_img2.png\" width=\"166px\" height=\"13px\" alt=\"Lower Price Always\" style=\"display:inline-block; margin-top:15px;\">\r\n</div>\r\n<style>\r\n.cardViewCompact wow-shelf-product:not(.override-global-size) .card:not(.is-smallFormat).shelfProductStamp .productTag-lowerpricealways img{\r\n                max-width: 90%;\r\n}\r\n</style>",
                        "TagLink": null,
                        "FallbackText": null,
                        "TagType": "Html"
                    },
                    "IsFooterEnabled": true,
                    "Diagnostics": null,
                    "IsBundle": false,
                    "ChildProducts": []
                }
            ],
            "Name": "Woolworths Select Shine Dishwashing Liquid Lemon"
        },
        {
            "Products": [
                {
                    "Stockcode": 482326,
                    "CupPrice": 4.75,
                    "CupMeasure": "1L",
                    "CupString": "$4.75 / 1L",
                    "HasCupPrice": true,
                    "Price": 9.5,
                    "Name": "Radiant Colour Care Laundry Liquid Front & Top Loader",
                    "UrlFriendlyName": "radiant-colour-care-laundry-liquid-front-top-loader",
                    "Description": " Radiant Colour Care Laundry<br>Liquid Front & Top... 2l",
                    "SmallImageFile": "https://wowprodmedia002aae.azureedge.net/content/wowproductimages/small/482326.jpg",
                    "MediumImageFile": "https://wowprodmedia002aae.azureedge.net/content/wowproductimages/medium/482326.jpg",
                    "LargeImageFile": "https://wowprodmedia002aae.azureedge.net/content/wowproductimages/large/482326.jpg",
                    "IsNew": false,
                    "IsOnSpecial": false,
                    "IsEdrSpecial": false,
                    "SavingsAmount": 0.0,
                    "WasPrice": 9.5,
                    "QuantityInTrolley": 0,
                    "Unit": "Each",
                    "MinimumQuantity": 1,
                    "IsInTrolley": false,
                    "Source": "SearchProducts",
                    "SupplyLimit": 36,
                    "PackageSize": "2l",
                    "IsPmDelivery": false,
                    "IsForCollection": true,
                    "IsForDelivery": true,
                    "CentreTag": {
                        "TagContent": "<span style=\"COLOR: #e2001a\"> Was $14.50 27/06/2016</span>",
                        "TagLink": null,
                        "FallbackText": null,
                        "TagType": "Html"
                    },
                    "IsCentreTag": true,
                    "ImageTag": {
                        "TagContent": null,
                        "TagLink": null,
                        "FallbackText": "",
                        "TagType": "None"
                    },
                    "HeaderTag": {
                        "BackgroundColor": "#fff",
                        "BorderColor": "#c20016",
                        "TextColor": "#c20016",
                        "Content": "<span class=\"u-semibold\">Price dropped</span>",
                        "TagLink": null,
                        "Promotion": "PriceDropped"
                    },
                    "HasHeaderTag": true,
                    "UnitWeightInGrams": 2330,
                    "SupplyLimitMessage": "'Radiant Colour Care Laundry Liquid Front & Top Loader' has a supply limit of 36. The quantity in your cart has been reduced accordingly. To purchase a larger quantity, please contact us on 1800 000 610, or e-mail us at shoponline@woolworths.com.au. Please note - we do not supply trade orders.",
                    "SmallFormatDescription": "Radiant Colour Care Laundry Liquid Front & Top Loader",
                    "FullDescription": "Radiant Colour Care Laundry Liquid Front & Top Loader",
                    "IsAvailable": true,
                    "AgeRestricted": false,
                    "DisplayQuantity": 1,
                    "RichDescription": "<p>We understand that confident feeling when your clothes look new.</p><p>Radiant's anti-fuzz & anti-greying technology gives you brilliant whites & vivid colours, keeping whites and colours looking newer for longer, wash, after wash, after wash.</p><p>The radiant colour guard unique formula lifts stubborn stains & dirt while helping protect your clothes from the dullness of frequent washing. </p><p>Advanced optical brightener technology-brilliant whites</p><p>Colour enhancing technology with anti-fuzz action keep colours look newer for longer</p><p>Anti-greying technology helps prevent stains re-depositing onto your clean clothes that can leave them looking grey & dull.</p><p>Radiant's colour guard system contains a unique combination of anti-greying technology for whiter whites and an anti-fuzz enzyme for sharper colours.</p><p>Radiant cleaning power</p><p>Anionic and non-ionic surfactants, alkalis, fragrance, optical brightener, enzymes, polymer. </p><p>- Brilliant wash results in cold water.</p><p>- Grey water friendly (rinse cycle only recommended)</p><p>- Recyclable bottle.</p>",
                    "IsDeliveryPass": false,
                    "HideWasSavedPrice": false,
                    "SapCategories": null,
                    "Brand": "radiant colour care",
                    "FooterTag": {
                        "TagContent": "<div class=\"productTag-pricedropped\" style=\"\r\nheight:46px;\r\nposition:absolute;\r\ntop:-4px;\r\nleft:0;\r\nwidth:100%;\r\nbackground:white;\r\noutline: 1px solid #c20016;\r\ntext-align:center;\">\r\n\r\n<img src=\"https://wowpmediaaae.azureedge.net/content/content/pricedropped-footer-transparent.png\" width=\"204px\" height=\"16px\" alt=\"Price Dropped\" style=\"display:inline-block;margin-top:15px;max-width: 100%;\">\r\n</div>",
                        "TagLink": null,
                        "FallbackText": null,
                        "TagType": "Html"
                    },
                    "IsFooterEnabled": true,
                    "Diagnostics": null,
                    "IsBundle": false,
                    "ChildProducts": []
                }
            ],
            "Name": "Radiant Colour Care Laundry Liquid Front & Top Loader"
        },
        {
            "Products": [
                {
                    "Stockcode": 518435,
                    "CupPrice": 3.5,
                    "CupMeasure": "1KG",
                    "CupString": "$3.50 / 1KG",
                    "HasCupPrice": true,
                    "Price": 3.5,
                    "Name": "Clean Laundry Powder Sensitive",
                    "UrlFriendlyName": "clean-laundry-powder-sensitive",
                    "Description": " Clean Laundry Powder<br>Sensitive 1kg",
                    "SmallImageFile": "https://wowprodmedia002aae.azureedge.net/content/wowproductimages/small/518435.jpg",
                    "MediumImageFile": "https://wowprodmedia002aae.azureedge.net/content/wowproductimages/medium/518435.jpg",
                    "LargeImageFile": "https://wowprodmedia002aae.azureedge.net/content/wowproductimages/large/518435.jpg",
                    "IsNew": false,
                    "IsOnSpecial": false,
                    "IsEdrSpecial": false,
                    "SavingsAmount": 0.0,
                    "WasPrice": 3.5,
                    "QuantityInTrolley": 0,
                    "Unit": "Each",
                    "MinimumQuantity": 1,
                    "IsInTrolley": false,
                    "Source": "SearchProducts",
                    "SupplyLimit": 36,
                    "PackageSize": "1kg",
                    "IsPmDelivery": false,
                    "IsForCollection": true,
                    "IsForDelivery": true,
                    "CentreTag": {
                        "TagContent": null,
                        "TagLink": null,
                        "FallbackText": null,
                        "TagType": "None"
                    },
                    "IsCentreTag": false,
                    "ImageTag": {
                        "TagContent": null,
                        "TagLink": null,
                        "FallbackText": "",
                        "TagType": "None"
                    },
                    "HeaderTag": {
                        "BackgroundColor": "#c20016",
                        "BorderColor": "#c20016",
                        "TextColor": "#fff",
                        "Content": "Low price <span class=\"u-semibold\">always</span>",
                        "TagLink": null,
                        "Promotion": "LowPrice"
                    },
                    "HasHeaderTag": true,
                    "UnitWeightInGrams": 1100,
                    "SupplyLimitMessage": "'Clean Laundry Powder Sensitive' has a supply limit of 36. The quantity in your cart has been reduced accordingly. To purchase a larger quantity, please contact us on 1800 000 610, or e-mail us at shoponline@woolworths.com.au. Please note - we do not supply trade orders.",
                    "SmallFormatDescription": "Clean Laundry Powder Sensitive",
                    "FullDescription": "Clean Laundry Powder Sensitive",
                    "IsAvailable": true,
                    "AgeRestricted": false,
                    "DisplayQuantity": 1,
                    "RichDescription": "clean sensitive laundry powder 1kg provides a loving, gentle alternative for your family's everyday wash. it's tough on stains, has no added dyes and is gentle on skin. suitable for front and top loader washing machines.",
                    "IsDeliveryPass": false,
                    "HideWasSavedPrice": false,
                    "SapCategories": null,
                    "Brand": "clean",
                    "FooterTag": {
                        "TagContent": "<div class=\"productTag-lowerpricealways\" style=\"\r\nheight:46px;\r\nposition:absolute;\r\ntop:-2px;\r\nleft:0;\r\nwidth:100%;\r\nbackground:#c20016;\r\ntext-align:center;\r\n\">\r\n<img src=\"https://wowpmediaaae.azureedge.net/content/content/lpa_footer_img2.png\" width=\"166px\" height=\"13px\" alt=\"Lower Price Always\" style=\"display:inline-block; margin-top:15px;\">\r\n</div>\r\n<style>\r\n.cardViewCompact wow-shelf-product:not(.override-global-size) .card:not(.is-smallFormat).shelfProductStamp .productTag-lowerpricealways img{\r\n                max-width: 90%;\r\n}\r\n</style>",
                        "TagLink": null,
                        "FallbackText": null,
                        "TagType": "Html"
                    },
                    "IsFooterEnabled": true,
                    "Diagnostics": null,
                    "IsBundle": false,
                    "ChildProducts": []
                }
            ],
            "Name": "Clean Laundry Powder Sensitive"
        },
        {
            "Products": [
                {
                    "Stockcode": 841315,
                    "CupPrice": 4.99,
                    "CupMeasure": "1L",
                    "CupString": "$4.99 / 1L",
                    "HasCupPrice": true,
                    "Price": 4.99,
                    "Name": "Surf 2 In 1 Laundry Liquid Detergent Tropical Lily",
                    "UrlFriendlyName": "surf-2-in-1-laundry-liquid-detergent-tropical-lily",
                    "Description": " Surf 2 In 1 Laundry Liquid<br>Detergent Tropical... 1l",
                    "SmallImageFile": "https://wowprodmedia002aae.azureedge.net/content/wowproductimages/small/841315.jpg",
                    "MediumImageFile": "https://wowprodmedia002aae.azureedge.net/content/wowproductimages/medium/841315.jpg",
                    "LargeImageFile": "https://wowprodmedia002aae.azureedge.net/content/wowproductimages/large/841315.jpg",
                    "IsNew": false,
                    "IsOnSpecial": false,
                    "IsEdrSpecial": false,
                    "SavingsAmount": 0.00,
                    "WasPrice": 4.99,
                    "QuantityInTrolley": 0,
                    "Unit": "Each",
                    "MinimumQuantity": 1,
                    "IsInTrolley": false,
                    "Source": "SearchProducts",
                    "SupplyLimit": 36,
                    "PackageSize": "1l",
                    "IsPmDelivery": false,
                    "IsForCollection": true,
                    "IsForDelivery": true,
                    "CentreTag": {
                        "TagContent": null,
                        "TagLink": null,
                        "FallbackText": null,
                        "TagType": "None"
                    },
                    "IsCentreTag": false,
                    "ImageTag": {
                        "TagContent": null,
                        "TagLink": null,
                        "FallbackText": "",
                        "TagType": "None"
                    },
                    "HeaderTag": {
                        "BackgroundColor": "#c20016",
                        "BorderColor": "#c20016",
                        "TextColor": "#fff",
                        "Content": "Low price <span class=\"u-semibold\">always</span>",
                        "TagLink": null,
                        "Promotion": "LowPrice"
                    },
                    "HasHeaderTag": true,
                    "UnitWeightInGrams": 1170,
                    "SupplyLimitMessage": "'Surf 2 In 1 Laundry Liquid Detergent Tropical Lily' has a supply limit of 36. The quantity in your cart has been reduced accordingly. To purchase a larger quantity, please contact us on 1800 000 610, or e-mail us at shoponline@woolworths.com.au. Please note - we do not supply trade orders.",
                    "SmallFormatDescription": "Surf 2 In 1 Laundry Liquid Detergent Tropical Lily",
                    "FullDescription": "Surf 2 In 1 Laundry Liquid Detergent Tropical Lily",
                    "IsAvailable": true,
                    "AgeRestricted": false,
                    "DisplayQuantity": 1,
                    "RichDescription": "<p>Prepare to be swept away in this floral paradise Ylang Ylang and Tropical Lily.</p><p>Each dose gives a brilliant clean and has a delicious fragrance - giving you freshness that lasts and lasts.</p>",
                    "IsDeliveryPass": false,
                    "HideWasSavedPrice": false,
                    "SapCategories": null,
                    "Brand": "surf 2 in 1",
                    "FooterTag": {
                        "TagContent": "<div class=\"productTag-lowerpricealways\" style=\"\r\nheight:46px;\r\nposition:absolute;\r\ntop:-2px;\r\nleft:0;\r\nwidth:100%;\r\nbackground:#c20016;\r\ntext-align:center;\r\n\">\r\n<img src=\"https://wowpmediaaae.azureedge.net/content/content/lpa_footer_img2.png\" width=\"166px\" height=\"13px\" alt=\"Lower Price Always\" style=\"display:inline-block; margin-top:15px;\">\r\n</div>\r\n<style>\r\n.cardViewCompact wow-shelf-product:not(.override-global-size) .card:not(.is-smallFormat).shelfProductStamp .productTag-lowerpricealways img{\r\n                max-width: 90%;\r\n}\r\n</style>",
                        "TagLink": null,
                        "FallbackText": null,
                        "TagType": "Html"
                    },
                    "IsFooterEnabled": true,
                    "Diagnostics": null,
                    "IsBundle": false,
                    "ChildProducts": []
                }
            ],
            "Name": "Surf 2 In 1 Laundry Liquid Detergent Tropical Lily"
        },
        {
            "Products": [
                {
                    "Stockcode": 27941,
                    "CupPrice": 5.99,
                    "CupMeasure": "1L",
                    "CupString": "$5.99 / 1L",
                    "HasCupPrice": true,
                    "Price": 7.49,
                    "Name": "Softly Wool Wash Liquid Regular",
                    "UrlFriendlyName": "softly-wool-wash-liquid-regular",
                    "Description": " Softly Wool Wash Liquid<br>Regular 1.25l",
                    "SmallImageFile": "https://wowprodmedia002aae.azureedge.net/content/wowproductimages/small/027941.jpg",
                    "MediumImageFile": "https://wowprodmedia002aae.azureedge.net/content/wowproductimages/medium/027941.jpg",
                    "LargeImageFile": "https://wowprodmedia002aae.azureedge.net/content/wowproductimages/large/027941.jpg",
                    "IsNew": false,
                    "IsOnSpecial": false,
                    "IsEdrSpecial": false,
                    "SavingsAmount": 0.00,
                    "WasPrice": 7.49,
                    "QuantityInTrolley": 0,
                    "Unit": "Each",
                    "MinimumQuantity": 1,
                    "IsInTrolley": false,
                    "Source": "SearchProducts",
                    "SupplyLimit": 36,
                    "PackageSize": "1.25l",
                    "IsPmDelivery": false,
                    "IsForCollection": true,
                    "IsForDelivery": true,
                    "CentreTag": {
                        "TagContent": null,
                        "TagLink": null,
                        "FallbackText": null,
                        "TagType": "None"
                    },
                    "IsCentreTag": false,
                    "ImageTag": {
                        "TagContent": null,
                        "TagLink": null,
                        "FallbackText": "",
                        "TagType": "None"
                    },
                    "HeaderTag": null,
                    "HasHeaderTag": false,
                    "UnitWeightInGrams": 1250,
                    "SupplyLimitMessage": "'Softly Wool Wash Liquid Regular' has a supply limit of 36. The quantity in your cart has been reduced accordingly. To purchase a larger quantity, please contact us on 1800 000 610, or e-mail us at shoponline@woolworths.com.au. Please note - we do not supply trade orders.",
                    "SmallFormatDescription": "Softly Wool Wash Liquid Regular",
                    "FullDescription": "Softly Wool Wash Liquid Regular",
                    "IsAvailable": true,
                    "AgeRestricted": false,
                    "DisplayQuantity": 1,
                    "RichDescription": null,
                    "IsDeliveryPass": false,
                    "HideWasSavedPrice": false,
                    "SapCategories": null,
                    "Brand": "softly",
                    "FooterTag": {
                        "TagContent": null,
                        "TagLink": null,
                        "FallbackText": null,
                        "TagType": "None"
                    },
                    "IsFooterEnabled": false,
                    "Diagnostics": null,
                    "IsBundle": false,
                    "ChildProducts": []
                }
            ],
            "Name": "Softly Wool Wash Liquid Regular"
        },
        {
            "Products": [
                {
                    "Stockcode": 512475,
                    "CupPrice": 2.75,
                    "CupMeasure": "1KG",
                    "CupString": "$2.75 / 1KG",
                    "HasCupPrice": true,
                    "Price": 5.5,
                    "Name": "Clean Laundry Powder Spring",
                    "UrlFriendlyName": "clean-laundry-powder-spring",
                    "Description": " Clean Laundry Powder Spring 2kg",
                    "SmallImageFile": "https://wowprodmedia002aae.azureedge.net/content/wowproductimages/small/512475.jpg",
                    "MediumImageFile": "https://wowprodmedia002aae.azureedge.net/content/wowproductimages/medium/512475.jpg",
                    "LargeImageFile": "https://wowprodmedia002aae.azureedge.net/content/wowproductimages/large/512475.jpg",
                    "IsNew": false,
                    "IsOnSpecial": false,
                    "IsEdrSpecial": false,
                    "SavingsAmount": 0.0,
                    "WasPrice": 5.5,
                    "QuantityInTrolley": 0,
                    "Unit": "Each",
                    "MinimumQuantity": 1,
                    "IsInTrolley": false,
                    "Source": "SearchProducts",
                    "SupplyLimit": 36,
                    "PackageSize": "2kg",
                    "IsPmDelivery": false,
                    "IsForCollection": true,
                    "IsForDelivery": true,
                    "CentreTag": {
                        "TagContent": null,
                        "TagLink": null,
                        "FallbackText": null,
                        "TagType": "None"
                    },
                    "IsCentreTag": false,
                    "ImageTag": {
                        "TagContent": null,
                        "TagLink": null,
                        "FallbackText": "",
                        "TagType": "None"
                    },
                    "HeaderTag": {
                        "BackgroundColor": "#c20016",
                        "BorderColor": "#c20016",
                        "TextColor": "#fff",
                        "Content": "Low price <span class=\"u-semibold\">always</span>",
                        "TagLink": null,
                        "Promotion": "LowPrice"
                    },
                    "HasHeaderTag": true,
                    "UnitWeightInGrams": 2200,
                    "SupplyLimitMessage": "'Clean Laundry Powder Spring' has a supply limit of 36. The quantity in your cart has been reduced accordingly. To purchase a larger quantity, please contact us on 1800 000 610, or e-mail us at shoponline@woolworths.com.au. Please note - we do not supply trade orders.",
                    "SmallFormatDescription": "Clean Laundry Powder Spring",
                    "FullDescription": "Clean Laundry Powder Spring",
                    "IsAvailable": true,
                    "AgeRestricted": false,
                    "DisplayQuantity": 1,
                    "RichDescription": "clean spring laundry powder 2kg provides a brilliant clean every time for whites and colours. it's tough on stains and has a long lasting fragrance. suitable for front and top loader washing machines.",
                    "IsDeliveryPass": false,
                    "HideWasSavedPrice": false,
                    "SapCategories": null,
                    "Brand": "clean",
                    "FooterTag": {
                        "TagContent": "<div class=\"productTag-lowerpricealways\" style=\"\r\nheight:46px;\r\nposition:absolute;\r\ntop:-2px;\r\nleft:0;\r\nwidth:100%;\r\nbackground:#c20016;\r\ntext-align:center;\r\n\">\r\n<img src=\"https://wowpmediaaae.azureedge.net/content/content/lpa_footer_img2.png\" width=\"166px\" height=\"13px\" alt=\"Lower Price Always\" style=\"display:inline-block; margin-top:15px;\">\r\n</div>\r\n<style>\r\n.cardViewCompact wow-shelf-product:not(.override-global-size) .card:not(.is-smallFormat).shelfProductStamp .productTag-lowerpricealways img{\r\n                max-width: 90%;\r\n}\r\n</style>",
                        "TagLink": null,
                        "FallbackText": null,
                        "TagType": "Html"
                    },
                    "IsFooterEnabled": true,
                    "Diagnostics": null,
                    "IsBundle": false,
                    "ChildProducts": []
                }
            ],
            "Name": "Clean Laundry Powder Spring"
        },
        {
            "Products": [
                {
                    "Stockcode": 194787,
                    "CupPrice": 6.67,
                    "CupMeasure": "1L",
                    "CupString": "$6.67 / 1L",
                    "HasCupPrice": true,
                    "Price": 5,
                    "Name": "Radiant Top & Front Loader Black Wash",
                    "UrlFriendlyName": "radiant-top-front-loader-black-wash",
                    "Description": " Radiant Top & Front Loader<br>Black Wash 750ml",
                    "SmallImageFile": "https://wowprodmedia002aae.azureedge.net/content/wowproductimages/small/194787.jpg",
                    "MediumImageFile": "https://wowprodmedia002aae.azureedge.net/content/wowproductimages/medium/194787.jpg",
                    "LargeImageFile": "https://wowprodmedia002aae.azureedge.net/content/wowproductimages/large/194787.jpg",
                    "IsNew": false,
                    "IsOnSpecial": false,
                    "IsEdrSpecial": false,
                    "SavingsAmount": 0,
                    "WasPrice": 5,
                    "QuantityInTrolley": 0,
                    "Unit": "Each",
                    "MinimumQuantity": 1,
                    "IsInTrolley": false,
                    "Source": "SearchProducts",
                    "SupplyLimit": 36,
                    "PackageSize": "750ml",
                    "IsPmDelivery": false,
                    "IsForCollection": true,
                    "IsForDelivery": true,
                    "CentreTag": {
                        "TagContent": "<span style=\"COLOR: #e2001a\"> Was $5.55 28/11/16</span>",
                        "TagLink": null,
                        "FallbackText": null,
                        "TagType": "Html"
                    },
                    "IsCentreTag": true,
                    "ImageTag": {
                        "TagContent": null,
                        "TagLink": null,
                        "FallbackText": "",
                        "TagType": "None"
                    },
                    "HeaderTag": {
                        "BackgroundColor": "#fff",
                        "BorderColor": "#c20016",
                        "TextColor": "#c20016",
                        "Content": "<span class=\"u-semibold\">Price dropped</span>",
                        "TagLink": null,
                        "Promotion": "PriceDropped"
                    },
                    "HasHeaderTag": true,
                    "UnitWeightInGrams": 750,
                    "SupplyLimitMessage": "'Radiant Top & Front Loader Black Wash' has a supply limit of 36. The quantity in your cart has been reduced accordingly. To purchase a larger quantity, please contact us on 1800 000 610, or e-mail us at shoponline@woolworths.com.au. Please note - we do not supply trade orders.",
                    "SmallFormatDescription": "Radiant Top & Front Loader Black Wash",
                    "FullDescription": "Radiant Top & Front Loader Black Wash",
                    "IsAvailable": true,
                    "AgeRestricted": false,
                    "DisplayQuantity": 1,
                    "RichDescription": "<p>Maintains black and dark clothes by protecting against colour fade </p><p>Radiant's unique, black and dark specialty wash gives your washing a brilliant clean that you can always count on. Delivering radiant results day in, day out. it's your guardian angel in the laundry!</p><p>Colour Guard - designed to help protect against black and dark colour fade.</p><p>High Performance - tough on stains. </p><p>Fast Dissolving - so the active ingredients  get to work faster.</p><p> </p>",
                    "IsDeliveryPass": false,
                    "HideWasSavedPrice": false,
                    "SapCategories": null,
                    "Brand": "radiant",
                    "FooterTag": {
                        "TagContent": "<div class=\"productTag-pricedropped\" style=\"\r\nheight:46px;\r\nposition:absolute;\r\ntop:-4px;\r\nleft:0;\r\nwidth:100%;\r\nbackground:white;\r\noutline: 1px solid #c20016;\r\ntext-align:center;\">\r\n\r\n<img src=\"https://wowpmediaaae.azureedge.net/content/content/pricedropped-footer-transparent.png\" width=\"204px\" height=\"16px\" alt=\"Price Dropped\" style=\"display:inline-block;margin-top:15px;max-width: 100%;\">\r\n</div>",
                        "TagLink": null,
                        "FallbackText": null,
                        "TagType": "Html"
                    },
                    "IsFooterEnabled": true,
                    "Diagnostics": null,
                    "IsBundle": false,
                    "ChildProducts": []
                }
            ],
            "Name": "Radiant Top & Front Loader Black Wash"
        },
        {
            "Products": [
                {
                    "Stockcode": 427718,
                    "CupPrice": 5,
                    "CupMeasure": "1KG",
                    "CupString": "$5.00 / 1KG",
                    "HasCupPrice": true,
                    "Price": 20,
                    "Name": "Biozet Attack Front & Top Loader Laundry Powder",
                    "UrlFriendlyName": "biozet-attack-front-top-loader-laundry-powder",
                    "Description": " Biozet Attack Front & Top<br>Loader Laundry... 4kg",
                    "SmallImageFile": "https://wowprodmedia002aae.azureedge.net/content/wowproductimages/small/427718.jpg",
                    "MediumImageFile": "https://wowprodmedia002aae.azureedge.net/content/wowproductimages/medium/427718.jpg",
                    "LargeImageFile": "https://wowprodmedia002aae.azureedge.net/content/wowproductimages/large/427718.jpg",
                    "IsNew": false,
                    "IsOnSpecial": true,
                    "IsEdrSpecial": false,
                    "SavingsAmount": 4,
                    "WasPrice": 24,
                    "QuantityInTrolley": 0,
                    "Unit": "Each",
                    "MinimumQuantity": 1,
                    "IsInTrolley": false,
                    "Source": "SearchProducts",
                    "SupplyLimit": 36,
                    "PackageSize": "4kg",
                    "IsPmDelivery": false,
                    "IsForCollection": true,
                    "IsForDelivery": true,
                    "CentreTag": {
                        "TagContent": "<span style=\"COLOR: #e2001a\"> Was $28.50 09/01/17</span>",
                        "TagLink": null,
                        "FallbackText": null,
                        "TagType": "Html"
                    },
                    "IsCentreTag": true,
                    "ImageTag": {
                        "TagContent": "/content/promotiontags/final-special.png",
                        "TagLink": "",
                        "FallbackText": "On Special",
                        "TagType": "None"
                    },
                    "HeaderTag": {
                        "BackgroundColor": "#fd0",
                        "BorderColor": "#fd0",
                        "TextColor": "#000",
                        "Content": "Save $4.00",
                        "TagLink": null,
                        "Promotion": "Special"
                    },
                    "HasHeaderTag": true,
                    "UnitWeightInGrams": 4300,
                    "SupplyLimitMessage": "'Biozet Attack Front & Top Loader Laundry Powder' has a supply limit of 36. The quantity in your cart has been reduced accordingly. To purchase a larger quantity, please contact us on 1800 000 610, or e-mail us at shoponline@woolworths.com.au. Please note - we do not supply trade orders.",
                    "SmallFormatDescription": "Biozet Attack Front & Top Loader Laundry Powder",
                    "FullDescription": "Biozet Attack Front & Top Loader Laundry Powder",
                    "IsAvailable": true,
                    "AgeRestricted": false,
                    "DisplayQuantity": 1,
                    "RichDescription": "<p>Complete Clean First Time, Every Time.</p><p>Need Help With Tough Stains?</p><p>Collars, grass, blood</p><p>Visit Stain Eliminator www.biozeattack.com.au</p><p>Works Best in Cold or Warm Water</p><p>Biozet Attack enzymes are specifically designed for maximum performance in cold or warm water. A higher temperature may have a negative impact on the enzyme performance.</p><p>Environmentally Aware</p><p>- No Phosphorus and low in sodium</p><p>- Grey water suitable</p><p>- Biodegradable surfactants and enzymes break down and can be absorbed back into nature</p><p>Low Suds</p><p>Biozet Attack is a High Performance Low Suds formula specifically designed for all washing machine types.</p><p>AirBurst Technology</p><p>Dissolves rapidly for powerful stain removal. Each micro capsule contains a bubble of air. When these micro capsules hit the water, the air inside is released and they burst for powerful stain removal.</p><p>Hyperactive Bio Enzymes</p><p>Penetrates deeper to remove dirt, odours and prevents yellowing. Releases and removes ingrained stains and attacks protein stains.</p>",
                    "IsDeliveryPass": false,
                    "HideWasSavedPrice": false,
                    "SapCategories": null,
                    "Brand": "biozet attack",
                    "FooterTag": {
                        "TagContent": "<div class=\"productTag-pricedropped\" style=\"\r\nheight:46px;\r\nposition:absolute;\r\ntop:-4px;\r\nleft:0;\r\nwidth:100%;\r\nbackground:white;\r\noutline: 1px solid #c20016;\r\ntext-align:center;\">\r\n\r\n<img src=\"https://wowpmediaaae.azureedge.net/content/content/pricedropped-footer-transparent.png\" width=\"204px\" height=\"16px\" alt=\"Price Dropped\" style=\"display:inline-block;margin-top:15px;max-width: 100%;\">\r\n</div>",
                        "TagLink": null,
                        "FallbackText": null,
                        "TagType": "Html"
                    },
                    "IsFooterEnabled": true,
                    "Diagnostics": null,
                    "IsBundle": false,
                    "ChildProducts": []
                }
            ],
            "Name": "Biozet Attack Front & Top Loader Laundry Powder"
        },
        {
            "Products": [
                {
                    "Stockcode": 728638,
                    "CupPrice": 0.33,
                    "CupMeasure": "1EA",
                    "CupString": "$0.33 / 1EA",
                    "HasCupPrice": true,
                    "Price": 9.99,
                    "Name": "White King Inwash & Soaker Oxy Power Packs",
                    "UrlFriendlyName": "white-king-inwash-soaker-oxy-power-packs",
                    "Description": " White King Inwash & Soaker<br>Oxy Power Packs 30pk",
                    "SmallImageFile": "https://wowprodmedia002aae.azureedge.net/content/wowproductimages/small/728638.jpg",
                    "MediumImageFile": "https://wowprodmedia002aae.azureedge.net/content/wowproductimages/medium/728638.jpg",
                    "LargeImageFile": "https://wowprodmedia002aae.azureedge.net/content/wowproductimages/large/728638.jpg",
                    "IsNew": false,
                    "IsOnSpecial": false,
                    "IsEdrSpecial": false,
                    "SavingsAmount": 0.00,
                    "WasPrice": 9.99,
                    "QuantityInTrolley": 0,
                    "Unit": "Each",
                    "MinimumQuantity": 1,
                    "IsInTrolley": false,
                    "Source": "SearchProducts",
                    "SupplyLimit": 36,
                    "PackageSize": "30pk",
                    "IsPmDelivery": false,
                    "IsForCollection": true,
                    "IsForDelivery": true,
                    "CentreTag": {
                        "TagContent": null,
                        "TagLink": null,
                        "FallbackText": null,
                        "TagType": "None"
                    },
                    "IsCentreTag": false,
                    "ImageTag": {
                        "TagContent": null,
                        "TagLink": null,
                        "FallbackText": "",
                        "TagType": "None"
                    },
                    "HeaderTag": null,
                    "HasHeaderTag": false,
                    "UnitWeightInGrams": 950,
                    "SupplyLimitMessage": "'White King Inwash & Soaker Oxy Power Packs' has a supply limit of 36. The quantity in your cart has been reduced accordingly. To purchase a larger quantity, please contact us on 1800 000 610, or e-mail us at shoponline@woolworths.com.au. Please note - we do not supply trade orders.",
                    "SmallFormatDescription": "White King Inwash & Soaker Oxy Power Packs",
                    "FullDescription": "White King Inwash & Soaker Oxy Power Packs",
                    "IsAvailable": true,
                    "AgeRestricted": false,
                    "DisplayQuantity": 1,
                    "RichDescription": "<p>Combines 4 types of stain fighters to help get out your toughest stains the 1st time!</p><p>- Grass & blood</p><p>- Grease, oil, lipstick & ink</p><p>- Red wine, coffee, ice-cream & milk</p><p>- Dirt, grime & perspiration.</p><p>Plus whitens whites & brightens colours!</p><p>White King Oxy-Lift Power Packs are a ready to use and convenient stain remover, without the hassle of measuring out powder. There's no need to unwrap or cut open, these packs will dissolve quickly on contact with water.</p><p>4 in 1 Stain fighting power.</p>",
                    "IsDeliveryPass": false,
                    "HideWasSavedPrice": false,
                    "SapCategories": null,
                    "Brand": "white king",
                    "FooterTag": {
                        "TagContent": null,
                        "TagLink": null,
                        "FallbackText": null,
                        "TagType": "None"
                    },
                    "IsFooterEnabled": false,
                    "Diagnostics": null,
                    "IsBundle": false,
                    "ChildProducts": []
                }
            ],
            "Name": "White King Inwash & Soaker Oxy Power Packs"
        },
        {
            "Products": [
                {
                    "Stockcode": 545630,
                    "CupPrice": 11.11,
                    "CupMeasure": "1KG",
                    "CupString": "$11.11 / 1KG",
                    "HasCupPrice": true,
                    "Price": 10,
                    "Name": "Cold Power Regular Front & Top Powder With Cuddly",
                    "UrlFriendlyName": "cold-power-regular-front-top-powder-with-cuddly",
                    "Description": " Cold Power Regular Front &<br>Top Powder With... 900g",
                    "SmallImageFile": "https://wowprodmedia002aae.azureedge.net/content/wowproductimages/small/545630.jpg",
                    "MediumImageFile": "https://wowprodmedia002aae.azureedge.net/content/wowproductimages/medium/545630.jpg",
                    "LargeImageFile": "https://wowprodmedia002aae.azureedge.net/content/wowproductimages/large/545630.jpg",
                    "IsNew": false,
                    "IsOnSpecial": false,
                    "IsEdrSpecial": false,
                    "SavingsAmount": 0,
                    "WasPrice": 10,
                    "QuantityInTrolley": 0,
                    "Unit": "Each",
                    "MinimumQuantity": 1,
                    "IsInTrolley": false,
                    "Source": "SearchProducts",
                    "SupplyLimit": 36,
                    "PackageSize": "900g",
                    "IsPmDelivery": false,
                    "IsForCollection": true,
                    "IsForDelivery": true,
                    "CentreTag": {
                        "TagContent": null,
                        "TagLink": null,
                        "FallbackText": null,
                        "TagType": "None"
                    },
                    "IsCentreTag": false,
                    "ImageTag": {
                        "TagContent": null,
                        "TagLink": null,
                        "FallbackText": "",
                        "TagType": "None"
                    },
                    "HeaderTag": null,
                    "HasHeaderTag": false,
                    "UnitWeightInGrams": 990,
                    "SupplyLimitMessage": "'Cold Power Regular Front & Top Powder With Cuddly' has a supply limit of 36. The quantity in your cart has been reduced accordingly. To purchase a larger quantity, please contact us on 1800 000 610, or e-mail us at shoponline@woolworths.com.au. Please note - we do not supply trade orders.",
                    "SmallFormatDescription": "Cold Power Regular Front & Top Powder With Cuddly",
                    "FullDescription": "Cold Power Regular Front & Top Powder With Cuddly",
                    "IsAvailable": true,
                    "AgeRestricted": false,
                    "DisplayQuantity": 1,
                    "RichDescription": "for outstanding cold water results. discover cold power with a touch of cuddly fabric conditioner specifically developed for cold water wash that combines an outstanding bright and white clean with a touch of softness. \r\nthe formula starts working immediately, even in cold and is suitable for both front loader and top loader washing machines.",
                    "IsDeliveryPass": false,
                    "HideWasSavedPrice": false,
                    "SapCategories": null,
                    "Brand": "cold power",
                    "FooterTag": {
                        "TagContent": null,
                        "TagLink": null,
                        "FallbackText": null,
                        "TagType": "None"
                    },
                    "IsFooterEnabled": false,
                    "Diagnostics": null,
                    "IsBundle": false,
                    "ChildProducts": []
                }
            ],
            "Name": "Cold Power Regular Front & Top Powder With Cuddly"
        },
        {
            "Products": [
                {
                    "Stockcode": 545756,
                    "CupPrice": 0.6,
                    "CupMeasure": "1EA",
                    "CupString": "$0.60 / 1EA",
                    "HasCupPrice": true,
                    "Price": 18,
                    "Name": "Cold Power Regular Front & Top Liquid Capsules",
                    "UrlFriendlyName": "cold-power-regular-front-top-liquid-capsules",
                    "Description": " Cold Power Regular Front &<br>Top Liquid Capsules 30pk",
                    "SmallImageFile": "https://wowprodmedia002aae.azureedge.net/content/wowproductimages/small/545756.jpg",
                    "MediumImageFile": "https://wowprodmedia002aae.azureedge.net/content/wowproductimages/medium/545756.jpg",
                    "LargeImageFile": "https://wowprodmedia002aae.azureedge.net/content/wowproductimages/large/545756.jpg",
                    "IsNew": false,
                    "IsOnSpecial": false,
                    "IsEdrSpecial": false,
                    "SavingsAmount": 0,
                    "WasPrice": 18,
                    "QuantityInTrolley": 0,
                    "Unit": "Each",
                    "MinimumQuantity": 1,
                    "IsInTrolley": false,
                    "Source": "SearchProducts",
                    "SupplyLimit": 36,
                    "PackageSize": "30pk",
                    "IsPmDelivery": false,
                    "IsForCollection": true,
                    "IsForDelivery": true,
                    "CentreTag": {
                        "TagContent": null,
                        "TagLink": null,
                        "FallbackText": null,
                        "TagType": "None"
                    },
                    "IsCentreTag": false,
                    "ImageTag": {
                        "TagContent": null,
                        "TagLink": null,
                        "FallbackText": "",
                        "TagType": "None"
                    },
                    "HeaderTag": null,
                    "HasHeaderTag": false,
                    "UnitWeightInGrams": 891,
                    "SupplyLimitMessage": "'Cold Power Regular Front & Top Liquid Capsules' has a supply limit of 36. The quantity in your cart has been reduced accordingly. To purchase a larger quantity, please contact us on 1800 000 610, or e-mail us at shoponline@woolworths.com.au. Please note - we do not supply trade orders.",
                    "SmallFormatDescription": "Cold Power Regular Front & Top Liquid Capsules",
                    "FullDescription": "Cold Power Regular Front & Top Liquid Capsules",
                    "IsAvailable": true,
                    "AgeRestricted": false,
                    "DisplayQuantity": 1,
                    "RichDescription": "cold power dual caps regular bring two advanced gel formulas specially developed to blend together in the wash to unleash their combined power for an outstanding cold water clean. just throw the capsule directly into the drum where it dissolves and starts acting immediately on contact with water, even in cold or quick wash. \r\ncold power dual caps regular contain stain remover booster and brightness formula and are suitable for both front loader and top loader washing machines.",
                    "IsDeliveryPass": false,
                    "HideWasSavedPrice": false,
                    "SapCategories": null,
                    "Brand": "cold power",
                    "FooterTag": {
                        "TagContent": null,
                        "TagLink": null,
                        "FallbackText": null,
                        "TagType": "None"
                    },
                    "IsFooterEnabled": false,
                    "Diagnostics": null,
                    "IsBundle": false,
                    "ChildProducts": []
                }
            ],
            "Name": "Cold Power Regular Front & Top Liquid Capsules"
        },
        {
            "Products": [
                {
                    "Stockcode": 587420,
                    "CupPrice": 0.8,
                    "CupMeasure": "100ML",
                    "CupString": "$0.80 / 100ML",
                    "HasCupPrice": true,
                    "Price": 3,
                    "Name": "Palmolive Divine Blends Lotus Flower & Sea Minerals",
                    "UrlFriendlyName": "palmolive-divine-blends-lotus-flower-sea-minerals",
                    "Description": " Palmolive Divine Blends<br>Lotus Flower & Sea... 375ml",
                    "SmallImageFile": "https://wowprodmedia002aae.azureedge.net/content/wowproductimages/small/587420.jpg",
                    "MediumImageFile": "https://wowprodmedia002aae.azureedge.net/content/wowproductimages/medium/587420.jpg",
                    "LargeImageFile": "https://wowprodmedia002aae.azureedge.net/content/wowproductimages/large/587420.jpg",
                    "IsNew": false,
                    "IsOnSpecial": false,
                    "IsEdrSpecial": false,
                    "SavingsAmount": 0,
                    "WasPrice": 3,
                    "QuantityInTrolley": 0,
                    "Unit": "Each",
                    "MinimumQuantity": 1,
                    "IsInTrolley": false,
                    "Source": "SearchProducts",
                    "SupplyLimit": 36,
                    "PackageSize": "375ml",
                    "IsPmDelivery": false,
                    "IsForCollection": true,
                    "IsForDelivery": true,
                    "CentreTag": {
                        "TagContent": null,
                        "TagLink": null,
                        "FallbackText": null,
                        "TagType": "None"
                    },
                    "IsCentreTag": false,
                    "ImageTag": {
                        "TagContent": null,
                        "TagLink": null,
                        "FallbackText": "",
                        "TagType": "None"
                    },
                    "HeaderTag": null,
                    "HasHeaderTag": false,
                    "UnitWeightInGrams": 420,
                    "SupplyLimitMessage": "'Palmolive Divine Blends Lotus Flower & Sea Minerals' has a supply limit of 36. The quantity in your cart has been reduced accordingly. To purchase a larger quantity, please contact us on 1800 000 610, or e-mail us at shoponline@woolworths.com.au. Please note - we do not supply trade orders.",
                    "SmallFormatDescription": "Palmolive Divine Blends Lotus Flower & Sea Minerals",
                    "FullDescription": "Palmolive Divine Blends Lotus Flower & Sea Minerals",
                    "IsAvailable": true,
                    "AgeRestricted": false,
                    "DisplayQuantity": 1,
                    "RichDescription": null,
                    "IsDeliveryPass": false,
                    "HideWasSavedPrice": false,
                    "SapCategories": null,
                    "Brand": "palmolive",
                    "FooterTag": {
                        "TagContent": null,
                        "TagLink": null,
                        "FallbackText": null,
                        "TagType": "None"
                    },
                    "IsFooterEnabled": false,
                    "Diagnostics": null,
                    "IsBundle": false,
                    "ChildProducts": []
                }
            ],
            "Name": "Palmolive Divine Blends Lotus Flower & Sea Minerals"
        },
        {
            "Products": [
                {
                    "Stockcode": 876765,
                    "CupPrice": 0.8,
                    "CupMeasure": "100ML",
                    "CupString": "$0.80 / 100ML",
                    "HasCupPrice": true,
                    "Price": 3,
                    "Name": "Palmolive Limited Edition Divine Blends Dishwashing Liquid",
                    "UrlFriendlyName": "palmolive-limited-edition-divine-blends-dishwashing-liquid",
                    "Description": " Palmolive Limited Edition<br>Divine Blends... 375ml",
                    "SmallImageFile": "https://wowprodmedia002aae.azureedge.net/content/wowproductimages/small/876765.jpg",
                    "MediumImageFile": "https://wowprodmedia002aae.azureedge.net/content/wowproductimages/medium/876765.jpg",
                    "LargeImageFile": "https://wowprodmedia002aae.azureedge.net/content/wowproductimages/large/876765.jpg",
                    "IsNew": false,
                    "IsOnSpecial": false,
                    "IsEdrSpecial": false,
                    "SavingsAmount": 0,
                    "WasPrice": 3,
                    "QuantityInTrolley": 0,
                    "Unit": "Each",
                    "MinimumQuantity": 1,
                    "IsInTrolley": false,
                    "Source": "SearchProducts",
                    "SupplyLimit": 36,
                    "PackageSize": "375ml",
                    "IsPmDelivery": false,
                    "IsForCollection": true,
                    "IsForDelivery": true,
                    "CentreTag": {
                        "TagContent": null,
                        "TagLink": null,
                        "FallbackText": null,
                        "TagType": "None"
                    },
                    "IsCentreTag": false,
                    "ImageTag": {
                        "TagContent": null,
                        "TagLink": null,
                        "FallbackText": "",
                        "TagType": "None"
                    },
                    "HeaderTag": {
                        "BackgroundColor": "#c20016",
                        "BorderColor": "#c20016",
                        "TextColor": "#fff",
                        "Content": "Low price <span class=\"u-semibold\">always</span>",
                        "TagLink": null,
                        "Promotion": "LowPrice"
                    },
                    "HasHeaderTag": true,
                    "UnitWeightInGrams": 420,
                    "SupplyLimitMessage": "'Palmolive Limited Edition Divine Blends Dishwashing Liquid' has a supply limit of 36. The quantity in your cart has been reduced accordingly. To purchase a larger quantity, please contact us on 1800 000 610, or e-mail us at shoponline@woolworths.com.au. Please note - we do not supply trade orders.",
                    "SmallFormatDescription": "Palmolive Limited Edition Divine Blends Dishwashing Liquid",
                    "FullDescription": "Palmolive Limited Edition Divine Blends Dishwashing Liquid",
                    "IsAvailable": true,
                    "AgeRestricted": false,
                    "DisplayQuantity": 1,
                    "RichDescription": "<p>Experience a heavenly fragrance blend of fresh lotus flowers layered with earthy sea minerals. Divine Blends skilfully combines two divine fragrance to tantalise your senses and makes washing up a breeze!</p><p>Divine Blends... Experience the divine difference!</p><p>Limited edition</p>",
                    "IsDeliveryPass": false,
                    "HideWasSavedPrice": false,
                    "SapCategories": null,
                    "Brand": "palmolive",
                    "FooterTag": {
                        "TagContent": "<div class=\"productTag-lowerpricealways\" style=\"\r\nheight:46px;\r\nposition:absolute;\r\ntop:-2px;\r\nleft:0;\r\nwidth:100%;\r\nbackground:#c20016;\r\ntext-align:center;\r\n\">\r\n<img src=\"https://wowpmediaaae.azureedge.net/content/content/lpa_footer_img2.png\" width=\"166px\" height=\"13px\" alt=\"Lower Price Always\" style=\"display:inline-block; margin-top:15px;\">\r\n</div>\r\n<style>\r\n.cardViewCompact wow-shelf-product:not(.override-global-size) .card:not(.is-smallFormat).shelfProductStamp .productTag-lowerpricealways img{\r\n                max-width: 90%;\r\n}\r\n</style>",
                        "TagLink": null,
                        "FallbackText": null,
                        "TagType": "Html"
                    },
                    "IsFooterEnabled": true,
                    "Diagnostics": null,
                    "IsBundle": false,
                    "ChildProducts": []
                }
            ],
            "Name": "Palmolive Limited Edition Divine Blends Dishwashing Liquid"
        }
    ],
    "Corrections": null,
    "SearchResultsCount": 158,
    "VisualShoppingAisleResponse": [],
    "Aggregations": [
        {
            "Name": "Category",
            "DisplayName": "Category",
            "Type": "Multi",
            "FilterType": "Term",
            "FilterDataType": "String",
            "Results": [
                {
                    "Name": "1_101E244",
                    "Term": "1_101E244",
                    "ExtraOutputFields": {
                        "description.raw": "Dishwashing",
                        "nodelevel.raw": "3",
                        "displayorder.raw": "442",
                        "parentnodeid.raw": "1_A2E3843"
                    },
                    "Min": null,
                    "Max": null,
                    "Applied": false,
                    "Count": 34
                },
                {
                    "Name": "1_2432B58",
                    "Term": "1_2432B58",
                    "ExtraOutputFields": {
                        "description.raw": "Household",
                        "nodelevel.raw": "1",
                        "displayorder.raw": "13"
                    },
                    "Min": null,
                    "Max": null,
                    "Applied": false,
                    "Count": 156
                },
                {
                    "Name": "1_2A64A8E",
                    "Term": "1_2A64A8E",
                    "ExtraOutputFields": {
                        "description.raw": "Laundry Liquid",
                        "nodelevel.raw": "3",
                        "displayorder.raw": "242",
                        "parentnodeid.raw": "1_2F587AA"
                    },
                    "Min": null,
                    "Max": null,
                    "Applied": false,
                    "Count": 58
                },
                {
                    "Name": "1_2F587AA",
                    "Term": "1_2F587AA",
                    "ExtraOutputFields": {
                        "description.raw": "Laundry",
                        "nodelevel.raw": "2",
                        "displayorder.raw": "22",
                        "parentnodeid.raw": "1_2432B58"
                    },
                    "Min": null,
                    "Max": null,
                    "Applied": false,
                    "Count": 121
                },
                {
                    "Name": "1_3A32BF3",
                    "Term": "1_3A32BF3",
                    "ExtraOutputFields": {
                        "description.raw": "Crawling Insects",
                        "nodelevel.raw": "3",
                        "displayorder.raw": "475",
                        "parentnodeid.raw": "1_AF39A7A"
                    },
                    "Min": null,
                    "Max": null,
                    "Applied": false,
                    "Count": 1
                },
                {
                    "Name": "1_51A1B85",
                    "Term": "1_51A1B85",
                    "ExtraOutputFields": {
                        "description.raw": "Stain Removal",
                        "nodelevel.raw": "3",
                        "displayorder.raw": "246",
                        "parentnodeid.raw": "1_2F587AA"
                    },
                    "Min": null,
                    "Max": null,
                    "Applied": false,
                    "Count": 20
                },
                {
                    "Name": "1_95165B3",
                    "Term": "1_95165B3",
                    "ExtraOutputFields": {
                        "description.raw": "Fabric Softener",
                        "nodelevel.raw": "3",
                        "displayorder.raw": "245",
                        "parentnodeid.raw": "1_2F587AA"
                    },
                    "Min": null,
                    "Max": null,
                    "Applied": false,
                    "Count": 2
                },
                {
                    "Name": "1_975A3DB",
                    "Term": "1_975A3DB",
                    "ExtraOutputFields": {
                        "description.raw": "Laundry Powder",
                        "nodelevel.raw": "3",
                        "displayorder.raw": "243",
                        "parentnodeid.raw": "1_2F587AA"
                    },
                    "Min": null,
                    "Max": null,
                    "Applied": false,
                    "Count": 41
                },
                {
                    "Name": "1_A2E3843",
                    "Term": "1_A2E3843",
                    "ExtraOutputFields": {
                        "description.raw": "Kitchen",
                        "nodelevel.raw": "2",
                        "displayorder.raw": "21",
                        "parentnodeid.raw": "1_2432B58"
                    },
                    "Min": null,
                    "Max": null,
                    "Applied": false,
                    "Count": 34
                },
                {
                    "Name": "1_AF39A7A",
                    "Term": "1_AF39A7A",
                    "ExtraOutputFields": {
                        "description.raw": "Pest Control",
                        "nodelevel.raw": "2",
                        "displayorder.raw": "28",
                        "parentnodeid.raw": "1_2432B58"
                    },
                    "Min": null,
                    "Max": null,
                    "Applied": false,
                    "Count": 1
                }
            ],
            "State": "Closed",
            "Rank": 0,
            "AdditionalResults": false,
            "DesignType": null
        }
    ]
}