{
    "Products": [
        {



            "Products": [
                {
                    "Stockcode": 42605,
                    "CupPrice": 1.89,
                    "CupMeasure": "1L",
                    "CupString": "$1.89 / 1L",
                    "HasCupPrice": true,
                    "Price": 17,
                    "Name": "Coca-cola Coke Cans",
                    "UrlFriendlyName": "coca-cola-coke-cans",
                    "Description": " Coca-cola Coke Cans 24x375ml pack",
                    "SmallImageFile": "https://wowpmediaaas.azureedge.net/content/wowproductimages/small/042605.jpg",
                    "MediumImageFile": "https://wowpmediaaas.azureedge.net/content/wowproductimages/medium/042605.jpg",
                    "LargeImageFile": "https://wowpmediaaas.azureedge.net/content/wowproductimages/large/042605.jpg",
                    "IsNew": false,
                    "IsOnSpecial": true,
                    "IsEdrSpecial": false,
                    "SavingsAmount": 11.2,
                    "WasPrice": 28.2,
                    "QuantityInTrolley": 0,
                    "Unit": "Each",
                    "MinimumQuantity": 1,
                    "IsInTrolley": false,
                    "Source": "SearchProducts",
                    "SupplyLimit": 36,
                    "PackageSize": "24x375ml pack",
                    "IsPmDelivery": false,
                    "IsForCollection": true,
                    "IsForDelivery": true,
                    "CentreTag": {
                        "TagContent": null,
                        "TagLink": null,
                        "FallbackText": null,
                        "TagType": "None"
                    },
                    "IsCentreTag": false,
                    "ImageTag": {
                        "TagContent": "/content/promotiontags/final-special.png",
                        "TagLink": "",
                        "FallbackText": "On Special",
                        "TagType": "None"
                    },
                    "HeaderTag": null,
                    "HasHeaderTag": false,
                    "UnitWeightInGrams": 9940,
                    "SupplyLimitMessage": "'Coca-cola Coke Cans' has a supply limit of 36. The quantity in your cart has been reduced accordingly. To purchase a larger quantity, please contact us on 1800 000 610, or e-mail us at shoponline@woolworths.com.au. Please note - we do not supply trade orders.",
                    "SmallFormatDescription": "Coca-cola Coke Cans",
                    "FullDescription": "Coca-cola Coke Cans",
                    "IsAvailable": true,
                    "AgeRestricted": false,
                    "DisplayQuantity": 1,
                    "RichDescription": "",
                    "IsDeliveryPass": false,
                    "HideWasSavedPrice": false,
                    "SapCategories": null,
                    "Brand": "coca-cola",
                    "FooterTag": {
                        "TagContent": null,
                        "TagLink": null,
                        "FallbackText": null,
                        "TagType": "None"
                    },
                    "IsFooterEnabled": false,
                    "Diagnostics": null
                }
            ],
            "Name": " Coca-cola Coke Cans "
        },
        {
            "Products": [
                {
                    "Stockcode": 313019,
                    "CupPrice": 2.78,
                    "CupMeasure": "1L",
                    "CupString": "$2.78 / 1L",
                    "HasCupPrice": true,
                    "Price": 10,
                    "Name": "Coca-cola Coke Mini Bottles",
                    "UrlFriendlyName": "coca-cola-coke-mini-bottles",
                    "Description": " Coca-cola Coke Mini Bottles 12x300ml pack",
                    "SmallImageFile": "https://wowpmediaaas.azureedge.net/content/wowproductimages/small/313019.jpg",
                    "MediumImageFile": "https://wowpmediaaas.azureedge.net/content/wowproductimages/medium/313019.jpg",
                    "LargeImageFile": "https://wowpmediaaas.azureedge.net/content/wowproductimages/large/313019.jpg",
                    "IsNew": false,
                    "IsOnSpecial": true,
                    "IsEdrSpecial": false,
                    "SavingsAmount": 4.1,
                    "WasPrice": 14.1,
                    "QuantityInTrolley": 0,
                    "Unit": "Each",
                    "MinimumQuantity": 1,
                    "IsInTrolley": false,
                    "Source": "SearchProducts",
                    "SupplyLimit": 36,
                    "PackageSize": "12x300ml pack",
                    "IsPmDelivery": false,
                    "IsForCollection": true,
                    "IsForDelivery": true,
                    "CentreTag": {
                        "TagContent": null,
                        "TagLink": null,
                        "FallbackText": null,
                        "TagType": "None"
                    },
                    "IsCentreTag": false,
                    "ImageTag": {
                        "TagContent": "/content/promotiontags/final-special.png",
                        "TagLink": "",
                        "FallbackText": "On Special",
                        "TagType": "None"
                    },
                    "HeaderTag": null,
                    "HasHeaderTag": false,
                    "UnitWeightInGrams": 4072,
                    "SupplyLimitMessage": "'Coca-cola Coke Mini Bottles' has a supply limit of 36. The quantity in your cart has been reduced accordingly. To purchase a larger quantity, please contact us on 1800 000 610, or e-mail us at shoponline@woolworths.com.au. Please note - we do not supply trade orders.",
                    "SmallFormatDescription": "Coca-cola Coke Mini Bottles",
                    "FullDescription": "Coca-cola Coke Mini Bottles",
                    "IsAvailable": true,
                    "AgeRestricted": false,
                    "DisplayQuantity": 1,
                    "RichDescription": null,
                    "IsDeliveryPass": false,
                    "HideWasSavedPrice": false,
                    "SapCategories": null,
                    "Brand": "coca-cola",
                    "FooterTag": {
                        "TagContent": null,
                        "TagLink": null,
                        "FallbackText": null,
                        "TagType": "None"
                    },
                    "IsFooterEnabled": false,
                    "Diagnostics": null
                }
            ],
            "Name": " Coca-cola Coke Mini Bottles "
        },
        {
            "Products": [
                {
                    "Stockcode": 246151,
                    "CupPrice": 3.06,
                    "CupMeasure": "1L",
                    "CupString": "$3.06 / 1L",
                    "HasCupPrice": true,
                    "Price": 34.45,
                    "Name": "Coca Cola Zero Can",
                    "UrlFriendlyName": "coca-cola-zero-can",
                    "Description": " Coca Cola Zero Can 30x375ml",
                    "SmallImageFile": "https://wowpmediaaas.azureedge.net/content/wowproductimages/small/246151.jpg",
                    "MediumImageFile": "https://wowpmediaaas.azureedge.net/content/wowproductimages/medium/246151.jpg",
                    "LargeImageFile": "https://wowpmediaaas.azureedge.net/content/wowproductimages/large/246151.jpg",
                    "IsNew": false,
                    "IsOnSpecial": false,
                    "IsEdrSpecial": false,
                    "SavingsAmount": 0.00,
                    "WasPrice": 34.45,
                    "QuantityInTrolley": 0,
                    "Unit": "Each",
                    "MinimumQuantity": 1,
                    "IsInTrolley": false,
                    "Source": "SearchProducts",
                    "SupplyLimit": 36,
                    "PackageSize": "30x375ml",
                    "IsPmDelivery": false,
                    "IsForCollection": true,
                    "IsForDelivery": true,
                    "CentreTag": {
                        "TagContent": null,
                        "TagLink": null,
                        "FallbackText": null,
                        "TagType": "None"
                    },
                    "IsCentreTag": false,
                    "ImageTag": {
                        "TagContent": null,
                        "TagLink": null,
                        "FallbackText": "",
                        "TagType": "None"
                    },
                    "HeaderTag": null,
                    "HasHeaderTag": false,
                    "UnitWeightInGrams": 11970,
                    "SupplyLimitMessage": "'Coca Cola Zero Can' has a supply limit of 36. The quantity in your cart has been reduced accordingly. To purchase a larger quantity, please contact us on 1800 000 610, or e-mail us at shoponline@woolworths.com.au. Please note - we do not supply trade orders.",
                    "SmallFormatDescription": "Coca Cola Zero Can",
                    "FullDescription": "Coca Cola Zero Can",
                    "IsAvailable": true,
                    "AgeRestricted": false,
                    "DisplayQuantity": 1,
                    "RichDescription": "",
                    "IsDeliveryPass": false,
                    "HideWasSavedPrice": false,
                    "SapCategories": null,
                    "Brand": "coca cola",
                    "FooterTag": {
                        "TagContent": null,
                        "TagLink": null,
                        "FallbackText": null,
                        "TagType": "None"
                    },
                    "IsFooterEnabled": false,
                    "Diagnostics": null
                },
                {
                    "Stockcode": 357304,
                    "CupPrice": 3.28,
                    "CupMeasure": "1L",
                    "CupString": "$3.28 / 1L",
                    "HasCupPrice": true,
                    "Price": 12.3,
                    "Name": "Coca-cola Coke Zero Cans",
                    "UrlFriendlyName": "coca-cola-coke-zero-cans",
                    "Description": " Coca-cola Coke Zero Cans 10x375ml pack",
                    "SmallImageFile": "https://wowpmediaaas.azureedge.net/content/wowproductimages/small/357304.jpg",
                    "MediumImageFile": "https://wowpmediaaas.azureedge.net/content/wowproductimages/medium/357304.jpg",
                    "LargeImageFile": "https://wowpmediaaas.azureedge.net/content/wowproductimages/large/357304.jpg",
                    "IsNew": false,
                    "IsOnSpecial": false,
                    "IsEdrSpecial": false,
                    "SavingsAmount": 0.0,
                    "WasPrice": 12.3,
                    "QuantityInTrolley": 0,
                    "Unit": "Each",
                    "MinimumQuantity": 1,
                    "IsInTrolley": false,
                    "Source": "SearchProducts",
                    "SupplyLimit": 36,
                    "PackageSize": "10x375ml pack",
                    "IsPmDelivery": false,
                    "IsForCollection": true,
                    "IsForDelivery": true,
                    "CentreTag": {
                        "TagContent": null,
                        "TagLink": null,
                        "FallbackText": null,
                        "TagType": "None"
                    },
                    "IsCentreTag": false,
                    "ImageTag": {
                        "TagContent": null,
                        "TagLink": null,
                        "FallbackText": "",
                        "TagType": "None"
                    },
                    "HeaderTag": null,
                    "HasHeaderTag": false,
                    "UnitWeightInGrams": 4232,
                    "SupplyLimitMessage": "'Coca-cola Coke Zero Cans' has a supply limit of 36. The quantity in your cart has been reduced accordingly. To purchase a larger quantity, please contact us on 1800 000 610, or e-mail us at shoponline@woolworths.com.au. Please note - we do not supply trade orders.",
                    "SmallFormatDescription": "Coca-cola Coke Zero Cans",
                    "FullDescription": "Coca-cola Coke Zero Cans",
                    "IsAvailable": true,
                    "AgeRestricted": false,
                    "DisplayQuantity": 1,
                    "RichDescription": null,
                    "IsDeliveryPass": false,
                    "HideWasSavedPrice": false,
                    "SapCategories": null,
                    "Brand": "coca-cola",
                    "FooterTag": {
                        "TagContent": null,
                        "TagLink": null,
                        "FallbackText": null,
                        "TagType": "None"
                    },
                    "IsFooterEnabled": false,
                    "Diagnostics": null
                },
                {
                    "Stockcode": 370744,
                    "CupPrice": 1.89,
                    "CupMeasure": "1L",
                    "CupString": "$1.89 / 1L",
                    "HasCupPrice": true,
                    "Price": 17,
                    "Name": "Coca-cola Coke Zero Cans",
                    "UrlFriendlyName": "coca-cola-coke-zero-cans",
                    "Description": " Coca-cola Coke Zero Cans 24x375ml pack",
                    "SmallImageFile": "https://wowpmediaaas.azureedge.net/content/wowproductimages/small/370744.jpg",
                    "MediumImageFile": "https://wowpmediaaas.azureedge.net/content/wowproductimages/medium/370744.jpg",
                    "LargeImageFile": "https://wowpmediaaas.azureedge.net/content/wowproductimages/large/370744.jpg",
                    "IsNew": false,
                    "IsOnSpecial": true,
                    "IsEdrSpecial": false,
                    "SavingsAmount": 11.2,
                    "WasPrice": 28.2,
                    "QuantityInTrolley": 0,
                    "Unit": "Each",
                    "MinimumQuantity": 1,
                    "IsInTrolley": false,
                    "Source": "SearchProducts",
                    "SupplyLimit": 36,
                    "PackageSize": "24x375ml pack",
                    "IsPmDelivery": false,
                    "IsForCollection": true,
                    "IsForDelivery": true,
                    "CentreTag": {
                        "TagContent": null,
                        "TagLink": null,
                        "FallbackText": null,
                        "TagType": "None"
                    },
                    "IsCentreTag": false,
                    "ImageTag": {
                        "TagContent": "/content/promotiontags/final-special.png",
                        "TagLink": "",
                        "FallbackText": "On Special",
                        "TagType": "None"
                    },
                    "HeaderTag": null,
                    "HasHeaderTag": false,
                    "UnitWeightInGrams": 9940,
                    "SupplyLimitMessage": "'Coca-cola Coke Zero Cans' has a supply limit of 36. The quantity in your cart has been reduced accordingly. To purchase a larger quantity, please contact us on 1800 000 610, or e-mail us at shoponline@woolworths.com.au. Please note - we do not supply trade orders.",
                    "SmallFormatDescription": "Coca-cola Coke Zero Cans",
                    "FullDescription": "Coca-cola Coke Zero Cans",
                    "IsAvailable": true,
                    "AgeRestricted": false,
                    "DisplayQuantity": 1,
                    "RichDescription": "",
                    "IsDeliveryPass": false,
                    "HideWasSavedPrice": false,
                    "SapCategories": null,
                    "Brand": "coca-cola",
                    "FooterTag": {
                        "TagContent": null,
                        "TagLink": null,
                        "FallbackText": null,
                        "TagType": "None"
                    },
                    "IsFooterEnabled": false,
                    "Diagnostics": null
                }
            ],
            "Name": " Coca Cola Zero Can 375ml<br>Multipack "
        },
        {
            "Products": [
                {
                    "Stockcode": 370744,
                    "CupPrice": 1.89,
                    "CupMeasure": "1L",
                    "CupString": "$1.89 / 1L",
                    "HasCupPrice": true,
                    "Price": 17,
                    "Name": "Coca-cola Coke Zero Cans",
                    "UrlFriendlyName": "coca-cola-coke-zero-cans",
                    "Description": " Coca-cola Coke Zero Cans 24x375ml pack",
                    "SmallImageFile": "https://wowpmediaaas.azureedge.net/content/wowproductimages/small/370744.jpg",
                    "MediumImageFile": "https://wowpmediaaas.azureedge.net/content/wowproductimages/medium/370744.jpg",
                    "LargeImageFile": "https://wowpmediaaas.azureedge.net/content/wowproductimages/large/370744.jpg",
                    "IsNew": false,
                    "IsOnSpecial": true,
                    "IsEdrSpecial": false,
                    "SavingsAmount": 11.2,
                    "WasPrice": 28.2,
                    "QuantityInTrolley": 0,
                    "Unit": "Each",
                    "MinimumQuantity": 1,
                    "IsInTrolley": false,
                    "Source": "SearchProducts",
                    "SupplyLimit": 36,
                    "PackageSize": "24x375ml pack",
                    "IsPmDelivery": false,
                    "IsForCollection": true,
                    "IsForDelivery": true,
                    "CentreTag": {
                        "TagContent": null,
                        "TagLink": null,
                        "FallbackText": null,
                        "TagType": "None"
                    },
                    "IsCentreTag": false,
                    "ImageTag": {
                        "TagContent": "/content/promotiontags/final-special.png",
                        "TagLink": "",
                        "FallbackText": "On Special",
                        "TagType": "None"
                    },
                    "HeaderTag": null,
                    "HasHeaderTag": false,
                    "UnitWeightInGrams": 9940,
                    "SupplyLimitMessage": "'Coca-cola Coke Zero Cans' has a supply limit of 36. The quantity in your cart has been reduced accordingly. To purchase a larger quantity, please contact us on 1800 000 610, or e-mail us at shoponline@woolworths.com.au. Please note - we do not supply trade orders.",
                    "SmallFormatDescription": "Coca-cola Coke Zero Cans",
                    "FullDescription": "Coca-cola Coke Zero Cans",
                    "IsAvailable": true,
                    "AgeRestricted": false,
                    "DisplayQuantity": 1,
                    "RichDescription": "",
                    "IsDeliveryPass": false,
                    "HideWasSavedPrice": false,
                    "SapCategories": null,
                    "Brand": "coca-cola",
                    "FooterTag": {
                        "TagContent": null,
                        "TagLink": null,
                        "FallbackText": null,
                        "TagType": "None"
                    },
                    "IsFooterEnabled": false,
                    "Diagnostics": null
                }
            ],
            "Name": " Coca-cola Coke Zero Cans "
        },
        {
            "Products": [
                {
                    "Stockcode": 180941,
                    "CupPrice": 2.28,
                    "CupMeasure": "1L",
                    "CupString": "$2.28 / 1L",
                    "HasCupPrice": true,
                    "Price": 2.85,
                    "Name": "Coca Cola Vanilla ",
                    "UrlFriendlyName": "coca-cola-vanilla",
                    "Description": " Coca Cola Vanilla  1.25l",
                    "SmallImageFile": "https://wowpmediaaas.azureedge.net/content/wowproductimages/small/180941.jpg",
                    "MediumImageFile": "https://wowpmediaaas.azureedge.net/content/wowproductimages/medium/180941.jpg",
                    "LargeImageFile": "https://wowpmediaaas.azureedge.net/content/wowproductimages/large/180941.jpg",
                    "IsNew": false,
                    "IsOnSpecial": false,
                    "IsEdrSpecial": false,
                    "SavingsAmount": 0.00,
                    "WasPrice": 2.85,
                    "QuantityInTrolley": 0,
                    "Unit": "Each",
                    "MinimumQuantity": 1,
                    "IsInTrolley": false,
                    "Source": "SearchProducts",
                    "SupplyLimit": 36,
                    "PackageSize": "1.25l",
                    "IsPmDelivery": false,
                    "IsForCollection": true,
                    "IsForDelivery": true,
                    "CentreTag": {
                        "TagContent": null,
                        "TagLink": null,
                        "FallbackText": null,
                        "TagType": "None"
                    },
                    "IsCentreTag": false,
                    "ImageTag": {
                        "TagContent": null,
                        "TagLink": null,
                        "FallbackText": "",
                        "TagType": "None"
                    },
                    "HeaderTag": null,
                    "HasHeaderTag": false,
                    "UnitWeightInGrams": 1294,
                    "SupplyLimitMessage": "'Coca Cola Vanilla ' has a supply limit of 36. The quantity in your cart has been reduced accordingly. To purchase a larger quantity, please contact us on 1800 000 610, or e-mail us at shoponline@woolworths.com.au. Please note - we do not supply trade orders.",
                    "SmallFormatDescription": "Coca Cola Vanilla ",
                    "FullDescription": "Coca Cola Vanilla ",
                    "IsAvailable": true,
                    "AgeRestricted": false,
                    "DisplayQuantity": 1,
                    "RichDescription": "<p>A quality product from the Coco-Cola company.</p>",
                    "IsDeliveryPass": false,
                    "HideWasSavedPrice": false,
                    "SapCategories": null,
                    "Brand": "coca cola",
                    "FooterTag": {
                        "TagContent": null,
                        "TagLink": null,
                        "FallbackText": null,
                        "TagType": "None"
                    },
                    "IsFooterEnabled": false,
                    "Diagnostics": null
                }
            ],
            "Name": " Coca Cola Vanilla  "
        },
        {
            "Products": [
                {
                    "Stockcode": 730512,
                    "CupPrice": 2.78,
                    "CupMeasure": "1L",
                    "CupString": "$2.78 / 1L",
                    "HasCupPrice": true,
                    "Price": 10,
                    "Name": "Coca-cola Coke Zero Mini Bottles",
                    "UrlFriendlyName": "coca-cola-coke-zero-mini-bottles",
                    "Description": " Coca-cola Coke Zero Mini<br>Bottles 12x300ml pack",
                    "SmallImageFile": "https://wowpmediaaas.azureedge.net/content/wowproductimages/small/730512.jpg",
                    "MediumImageFile": "https://wowpmediaaas.azureedge.net/content/wowproductimages/medium/730512.jpg",
                    "LargeImageFile": "https://wowpmediaaas.azureedge.net/content/wowproductimages/large/730512.jpg",
                    "IsNew": false,
                    "IsOnSpecial": true,
                    "IsEdrSpecial": false,
                    "SavingsAmount": 4.1,
                    "WasPrice": 14.1,
                    "QuantityInTrolley": 0,
                    "Unit": "Each",
                    "MinimumQuantity": 1,
                    "IsInTrolley": false,
                    "Source": "SearchProducts",
                    "SupplyLimit": 36,
                    "PackageSize": "12x300ml pack",
                    "IsPmDelivery": false,
                    "IsForCollection": true,
                    "IsForDelivery": true,
                    "CentreTag": {
                        "TagContent": null,
                        "TagLink": null,
                        "FallbackText": null,
                        "TagType": "None"
                    },
                    "IsCentreTag": false,
                    "ImageTag": {
                        "TagContent": "/content/promotiontags/final-special.png",
                        "TagLink": "",
                        "FallbackText": "On Special",
                        "TagType": "None"
                    },
                    "HeaderTag": null,
                    "HasHeaderTag": false,
                    "UnitWeightInGrams": 4072,
                    "SupplyLimitMessage": "'Coca-cola Coke Zero Mini Bottles' has a supply limit of 36. The quantity in your cart has been reduced accordingly. To purchase a larger quantity, please contact us on 1800 000 610, or e-mail us at shoponline@woolworths.com.au. Please note - we do not supply trade orders.",
                    "SmallFormatDescription": "Coca-cola Coke Zero Mini Bottles",
                    "FullDescription": "Coca-cola Coke Zero Mini Bottles",
                    "IsAvailable": true,
                    "AgeRestricted": false,
                    "DisplayQuantity": 1,
                    "RichDescription": "<p>A quality product of the Coca-Cola company.</p>",
                    "IsDeliveryPass": false,
                    "HideWasSavedPrice": false,
                    "SapCategories": null,
                    "Brand": "coca-cola",
                    "FooterTag": {
                        "TagContent": null,
                        "TagLink": null,
                        "FallbackText": null,
                        "TagType": "None"
                    },
                    "IsFooterEnabled": false,
                    "Diagnostics": null
                }
            ],
            "Name": " Coca-cola Coke Zero Mini<br>Bottles "
        },
        {
            "Products": [
                {
                    "Stockcode": 295698,
                    "CupPrice": 3.79,
                    "CupMeasure": "1L",
                    "CupString": "$3.79 / 1L",
                    "HasCupPrice": true,
                    "Price": 5,
                    "Name": "Coca-cola Coke Zero Glass Bottles",
                    "UrlFriendlyName": "coca-cola-coke-zero-glass-bottles",
                    "Description": " Coca-cola Coke Zero Glass<br>Bottles 4x330ml pack",
                    "SmallImageFile": "https://wowpmediaaas.azureedge.net/content/wowproductimages/small/295698.jpg",
                    "MediumImageFile": "https://wowpmediaaas.azureedge.net/content/wowproductimages/medium/295698.jpg",
                    "LargeImageFile": "https://wowpmediaaas.azureedge.net/content/wowproductimages/large/295698.jpg",
                    "IsNew": false,
                    "IsOnSpecial": true,
                    "IsEdrSpecial": false,
                    "SavingsAmount": 2.85,
                    "WasPrice": 7.85,
                    "QuantityInTrolley": 0,
                    "Unit": "Each",
                    "MinimumQuantity": 1,
                    "IsInTrolley": false,
                    "Source": "SearchProducts",
                    "SupplyLimit": 36,
                    "PackageSize": "4x330ml pack",
                    "IsPmDelivery": false,
                    "IsForCollection": true,
                    "IsForDelivery": true,
                    "CentreTag": {
                        "TagContent": null,
                        "TagLink": null,
                        "FallbackText": null,
                        "TagType": "None"
                    },
                    "IsCentreTag": false,
                    "ImageTag": {
                        "TagContent": "/content/promotiontags/final-special.png",
                        "TagLink": "",
                        "FallbackText": "On Special",
                        "TagType": "None"
                    },
                    "HeaderTag": null,
                    "HasHeaderTag": false,
                    "UnitWeightInGrams": 2278,
                    "SupplyLimitMessage": "'Coca-cola Coke Zero Glass Bottles' has a supply limit of 36. The quantity in your cart has been reduced accordingly. To purchase a larger quantity, please contact us on 1800 000 610, or e-mail us at shoponline@woolworths.com.au. Please note - we do not supply trade orders.",
                    "SmallFormatDescription": "Coca-cola Coke Zero Glass Bottles",
                    "FullDescription": "Coca-cola Coke Zero Glass Bottles",
                    "IsAvailable": true,
                    "AgeRestricted": false,
                    "DisplayQuantity": 1,
                    "RichDescription": null,
                    "IsDeliveryPass": false,
                    "HideWasSavedPrice": false,
                    "SapCategories": null,
                    "Brand": "coca-cola",
                    "FooterTag": {
                        "TagContent": null,
                        "TagLink": null,
                        "FallbackText": null,
                        "TagType": "None"
                    },
                    "IsFooterEnabled": false,
                    "Diagnostics": null
                }
            ],
            "Name": " Coca-cola Coke Zero Glass<br>Bottles "
        },
        {
            "Products": [
                {
                    "Stockcode": 295716,
                    "CupPrice": 3.79,
                    "CupMeasure": "1L",
                    "CupString": "$3.79 / 1L",
                    "HasCupPrice": true,
                    "Price": 5,
                    "Name": "Coca-cola Coke Bottes",
                    "UrlFriendlyName": "coca-cola-coke-bottes",
                    "Description": " Coca-cola Coke Bottes 4x330ml pack",
                    "SmallImageFile": "https://wowpmediaaas.azureedge.net/content/wowproductimages/small/295716.jpg",
                    "MediumImageFile": "https://wowpmediaaas.azureedge.net/content/wowproductimages/medium/295716.jpg",
                    "LargeImageFile": "https://wowpmediaaas.azureedge.net/content/wowproductimages/large/295716.jpg",
                    "IsNew": false,
                    "IsOnSpecial": true,
                    "IsEdrSpecial": false,
                    "SavingsAmount": 2.85,
                    "WasPrice": 7.85,
                    "QuantityInTrolley": 0,
                    "Unit": "Each",
                    "MinimumQuantity": 1,
                    "IsInTrolley": false,
                    "Source": "SearchProducts",
                    "SupplyLimit": 36,
                    "PackageSize": "4x330ml pack",
                    "IsPmDelivery": false,
                    "IsForCollection": true,
                    "IsForDelivery": true,
                    "CentreTag": {
                        "TagContent": null,
                        "TagLink": null,
                        "FallbackText": null,
                        "TagType": "None"
                    },
                    "IsCentreTag": false,
                    "ImageTag": {
                        "TagContent": "/content/promotiontags/final-special.png",
                        "TagLink": "",
                        "FallbackText": "On Special",
                        "TagType": "None"
                    },
                    "HeaderTag": null,
                    "HasHeaderTag": false,
                    "UnitWeightInGrams": 2278,
                    "SupplyLimitMessage": "'Coca-cola Coke Bottes' has a supply limit of 36. The quantity in your cart has been reduced accordingly. To purchase a larger quantity, please contact us on 1800 000 610, or e-mail us at shoponline@woolworths.com.au. Please note - we do not supply trade orders.",
                    "SmallFormatDescription": "Coca-cola Coke Bottes",
                    "FullDescription": "Coca-cola Coke Bottes",
                    "IsAvailable": true,
                    "AgeRestricted": false,
                    "DisplayQuantity": 1,
                    "RichDescription": null,
                    "IsDeliveryPass": false,
                    "HideWasSavedPrice": false,
                    "SapCategories": null,
                    "Brand": "coca-cola",
                    "FooterTag": {
                        "TagContent": null,
                        "TagLink": null,
                        "FallbackText": null,
                        "TagType": "None"
                    },
                    "IsFooterEnabled": false,
                    "Diagnostics": null
                }
            ],
            "Name": " Coca-cola Coke Bottes "
        },
        {
            "Products": [
                {
                    "Stockcode": 313021,
                    "CupPrice": 5.19,
                    "CupMeasure": "1L",
                    "CupString": "$5.19 / 1L",
                    "HasCupPrice": true,
                    "Price": 8.3,
                    "Name": "Coca-cola Coke Zero Mini Cans",
                    "UrlFriendlyName": "coca-cola-coke-zero-mini-cans",
                    "Description": " Coca-cola Coke Zero Mini<br>Cans 8x200ml pack",
                    "SmallImageFile": "https://wowpmediaaas.azureedge.net/content/wowproductimages/small/313021.jpg",
                    "MediumImageFile": "https://wowpmediaaas.azureedge.net/content/wowproductimages/medium/313021.jpg",
                    "LargeImageFile": "https://wowpmediaaas.azureedge.net/content/wowproductimages/large/313021.jpg",
                    "IsNew": false,
                    "IsOnSpecial": false,
                    "IsEdrSpecial": false,
                    "SavingsAmount": 0.0,
                    "WasPrice": 8.3,
                    "QuantityInTrolley": 0,
                    "Unit": "Each",
                    "MinimumQuantity": 1,
                    "IsInTrolley": false,
                    "Source": "SearchProducts",
                    "SupplyLimit": 36,
                    "PackageSize": "8x200ml pack",
                    "IsPmDelivery": false,
                    "IsForCollection": true,
                    "IsForDelivery": true,
                    "CentreTag": {
                        "TagContent": null,
                        "TagLink": null,
                        "FallbackText": null,
                        "TagType": "None"
                    },
                    "IsCentreTag": false,
                    "ImageTag": {
                        "TagContent": null,
                        "TagLink": null,
                        "FallbackText": "",
                        "TagType": "None"
                    },
                    "HeaderTag": null,
                    "HasHeaderTag": false,
                    "UnitWeightInGrams": 1814,
                    "SupplyLimitMessage": "'Coca-cola Coke Zero Mini Cans' has a supply limit of 36. The quantity in your cart has been reduced accordingly. To purchase a larger quantity, please contact us on 1800 000 610, or e-mail us at shoponline@woolworths.com.au. Please note - we do not supply trade orders.",
                    "SmallFormatDescription": "Coca-cola Coke Zero Mini Cans",
                    "FullDescription": "Coca-cola Coke Zero Mini Cans",
                    "IsAvailable": true,
                    "AgeRestricted": false,
                    "DisplayQuantity": 1,
                    "RichDescription": "",
                    "IsDeliveryPass": false,
                    "HideWasSavedPrice": false,
                    "SapCategories": null,
                    "Brand": "coca-cola",
                    "FooterTag": {
                        "TagContent": null,
                        "TagLink": null,
                        "FallbackText": null,
                        "TagType": "None"
                    },
                    "IsFooterEnabled": false,
                    "Diagnostics": null
                }
            ],
            "Name": " Coca-cola Coke Zero Mini Cans "
        },
        {
            "Products": [
                {
                    "Stockcode": 313022,
                    "CupPrice": 5.19,
                    "CupMeasure": "1L",
                    "CupString": "$5.19 / 1L",
                    "HasCupPrice": true,
                    "Price": 8.3,
                    "Name": "Coca-cola Coke Mini Cans",
                    "UrlFriendlyName": "coca-cola-coke-mini-cans",
                    "Description": " Coca-cola Coke Mini Cans 8x200ml pack",
                    "SmallImageFile": "https://wowpmediaaas.azureedge.net/content/wowproductimages/small/313022.jpg",
                    "MediumImageFile": "https://wowpmediaaas.azureedge.net/content/wowproductimages/medium/313022.jpg",
                    "LargeImageFile": "https://wowpmediaaas.azureedge.net/content/wowproductimages/large/313022.jpg",
                    "IsNew": false,
                    "IsOnSpecial": false,
                    "IsEdrSpecial": false,
                    "SavingsAmount": 0.0,
                    "WasPrice": 8.3,
                    "QuantityInTrolley": 0,
                    "Unit": "Each",
                    "MinimumQuantity": 1,
                    "IsInTrolley": false,
                    "Source": "SearchProducts",
                    "SupplyLimit": 36,
                    "PackageSize": "8x200ml pack",
                    "IsPmDelivery": false,
                    "IsForCollection": true,
                    "IsForDelivery": true,
                    "CentreTag": {
                        "TagContent": null,
                        "TagLink": null,
                        "FallbackText": null,
                        "TagType": "None"
                    },
                    "IsCentreTag": false,
                    "ImageTag": {
                        "TagContent": null,
                        "TagLink": null,
                        "FallbackText": "",
                        "TagType": "None"
                    },
                    "HeaderTag": null,
                    "HasHeaderTag": false,
                    "UnitWeightInGrams": 1812,
                    "SupplyLimitMessage": "'Coca-cola Coke Mini Cans' has a supply limit of 36. The quantity in your cart has been reduced accordingly. To purchase a larger quantity, please contact us on 1800 000 610, or e-mail us at shoponline@woolworths.com.au. Please note - we do not supply trade orders.",
                    "SmallFormatDescription": "Coca-cola Coke Mini Cans",
                    "FullDescription": "Coca-cola Coke Mini Cans",
                    "IsAvailable": true,
                    "AgeRestricted": false,
                    "DisplayQuantity": 1,
                    "RichDescription": "",
                    "IsDeliveryPass": false,
                    "HideWasSavedPrice": false,
                    "SapCategories": null,
                    "Brand": "coca-cola",
                    "FooterTag": {
                        "TagContent": null,
                        "TagLink": null,
                        "FallbackText": null,
                        "TagType": "None"
                    },
                    "IsFooterEnabled": false,
                    "Diagnostics": null
                }
            ],
            "Name": " Coca-cola Coke Mini Cans "
        },
        {
            "Products": [
                {
                    "Stockcode": 549166,
                    "CupPrice": 5.19,
                    "CupMeasure": "1L",
                    "CupString": "$5.19 / 1L",
                    "HasCupPrice": true,
                    "Price": 8.3,
                    "Name": "Coca Cola Vanilla Mini Cans",
                    "UrlFriendlyName": "coca-cola-vanilla-mini-cans",
                    "Description": " Coca Cola Vanilla Mini Cans 8x200ml pack",
                    "SmallImageFile": "https://wowpmediaaas.azureedge.net/content/wowproductimages/small/549166.jpg",
                    "MediumImageFile": "https://wowpmediaaas.azureedge.net/content/wowproductimages/medium/549166.jpg",
                    "LargeImageFile": "https://wowpmediaaas.azureedge.net/content/wowproductimages/large/549166.jpg",
                    "IsNew": false,
                    "IsOnSpecial": false,
                    "IsEdrSpecial": false,
                    "SavingsAmount": 0.0,
                    "WasPrice": 8.3,
                    "QuantityInTrolley": 0,
                    "Unit": "Each",
                    "MinimumQuantity": 1,
                    "IsInTrolley": false,
                    "Source": "SearchProducts",
                    "SupplyLimit": 36,
                    "PackageSize": "8x200ml pack",
                    "IsPmDelivery": false,
                    "IsForCollection": true,
                    "IsForDelivery": true,
                    "CentreTag": {
                        "TagContent": null,
                        "TagLink": null,
                        "FallbackText": null,
                        "TagType": "None"
                    },
                    "IsCentreTag": false,
                    "ImageTag": {
                        "TagContent": null,
                        "TagLink": null,
                        "FallbackText": "",
                        "TagType": "None"
                    },
                    "HeaderTag": null,
                    "HasHeaderTag": false,
                    "UnitWeightInGrams": 1800,
                    "SupplyLimitMessage": "'Coca Cola Vanilla Mini Cans' has a supply limit of 36. The quantity in your cart has been reduced accordingly. To purchase a larger quantity, please contact us on 1800 000 610, or e-mail us at shoponline@woolworths.com.au. Please note - we do not supply trade orders.",
                    "SmallFormatDescription": "Coca Cola Vanilla Mini Cans",
                    "FullDescription": "Coca Cola Vanilla Mini Cans",
                    "IsAvailable": true,
                    "AgeRestricted": false,
                    "DisplayQuantity": 1,
                    "RichDescription": null,
                    "IsDeliveryPass": false,
                    "HideWasSavedPrice": false,
                    "SapCategories": null,
                    "Brand": "coca cola",
                    "FooterTag": {
                        "TagContent": null,
                        "TagLink": null,
                        "FallbackText": null,
                        "TagType": "None"
                    },
                    "IsFooterEnabled": false,
                    "Diagnostics": null
                }
            ],
            "Name": " Coca Cola Vanilla Mini Cans "
        },
        {
            "Products": [
                {
                    "Stockcode": 244980,
                    "CupPrice": 2.28,
                    "CupMeasure": "1L",
                    "CupString": "$2.28 / 1L",
                    "HasCupPrice": true,
                    "Price": 2.85,
                    "Name": "Coca Cola Zero ",
                    "UrlFriendlyName": "coca-cola-zero",
                    "Description": " Coca Cola Zero  1.25l",
                    "SmallImageFile": "https://wowpmediaaas.azureedge.net/content/wowproductimages/small/244980.jpg",
                    "MediumImageFile": "https://wowpmediaaas.azureedge.net/content/wowproductimages/medium/244980.jpg",
                    "LargeImageFile": "https://wowpmediaaas.azureedge.net/content/wowproductimages/large/244980.jpg",
                    "IsNew": false,
                    "IsOnSpecial": false,
                    "IsEdrSpecial": false,
                    "SavingsAmount": 0.00,
                    "WasPrice": 2.85,
                    "QuantityInTrolley": 0,
                    "Unit": "Each",
                    "MinimumQuantity": 1,
                    "IsInTrolley": false,
                    "Source": "SearchProducts",
                    "SupplyLimit": 36,
                    "PackageSize": "1.25l",
                    "IsPmDelivery": false,
                    "IsForCollection": true,
                    "IsForDelivery": true,
                    "CentreTag": {
                        "TagContent": null,
                        "TagLink": null,
                        "FallbackText": null,
                        "TagType": "None"
                    },
                    "IsCentreTag": false,
                    "ImageTag": {
                        "TagContent": null,
                        "TagLink": null,
                        "FallbackText": "",
                        "TagType": "None"
                    },
                    "HeaderTag": null,
                    "HasHeaderTag": false,
                    "UnitWeightInGrams": 1292,
                    "SupplyLimitMessage": "'Coca Cola Zero ' has a supply limit of 36. The quantity in your cart has been reduced accordingly. To purchase a larger quantity, please contact us on 1800 000 610, or e-mail us at shoponline@woolworths.com.au. Please note - we do not supply trade orders.",
                    "SmallFormatDescription": "Coca Cola Zero ",
                    "FullDescription": "Coca Cola Zero ",
                    "IsAvailable": true,
                    "AgeRestricted": false,
                    "DisplayQuantity": 1,
                    "RichDescription": "",
                    "IsDeliveryPass": false,
                    "HideWasSavedPrice": false,
                    "SapCategories": null,
                    "Brand": "coca cola",
                    "FooterTag": {
                        "TagContent": null,
                        "TagLink": null,
                        "FallbackText": null,
                        "TagType": "None"
                    },
                    "IsFooterEnabled": false,
                    "Diagnostics": null
                },
                {
                    "Stockcode": 244982,
                    "CupPrice": 5.65,
                    "CupMeasure": "1L",
                    "CupString": "$5.65 / 1L",
                    "HasCupPrice": true,
                    "Price": 3.39,
                    "Name": "Coca Cola Zero ",
                    "UrlFriendlyName": "coca-cola-zero",
                    "Description": " Coca Cola Zero  600ml",
                    "SmallImageFile": "https://wowpmediaaas.azureedge.net/content/wowproductimages/small/244982.jpg",
                    "MediumImageFile": "https://wowpmediaaas.azureedge.net/content/wowproductimages/medium/244982.jpg",
                    "LargeImageFile": "https://wowpmediaaas.azureedge.net/content/wowproductimages/large/244982.jpg",
                    "IsNew": false,
                    "IsOnSpecial": false,
                    "IsEdrSpecial": false,
                    "SavingsAmount": 0.00,
                    "WasPrice": 3.39,
                    "QuantityInTrolley": 0,
                    "Unit": "Each",
                    "MinimumQuantity": 1,
                    "IsInTrolley": false,
                    "Source": "SearchProducts",
                    "SupplyLimit": 36,
                    "PackageSize": "600ml",
                    "IsPmDelivery": false,
                    "IsForCollection": true,
                    "IsForDelivery": true,
                    "CentreTag": {
                        "TagContent": "<a title=\"2 for 6.00\" href=\"/Shop/OfferGroup/4590747\" ><span style=\"COLOR: #e2001a\">2 for $6.00</span> </a>",
                        "TagLink": "",
                        "FallbackText": null,
                        "TagType": "Html"
                    },
                    "IsCentreTag": true,
                    "ImageTag": {
                        "TagContent": "/content/promotiontags/final-bmsm.png",
                        "TagLink": "/Shop/SpecialsGroups/buy-more-save-more",
                        "FallbackText": "Buy More Save More",
                        "TagType": "None"
                    },
                    "HeaderTag": null,
                    "HasHeaderTag": false,
                    "UnitWeightInGrams": 600,
                    "SupplyLimitMessage": "'Coca Cola Zero ' has a supply limit of 36. The quantity in your cart has been reduced accordingly. To purchase a larger quantity, please contact us on 1800 000 610, or e-mail us at shoponline@woolworths.com.au. Please note - we do not supply trade orders.",
                    "SmallFormatDescription": "Coca Cola Zero ",
                    "FullDescription": "Coca Cola Zero ",
                    "IsAvailable": true,
                    "AgeRestricted": false,
                    "DisplayQuantity": 1,
                    "RichDescription": "",
                    "IsDeliveryPass": false,
                    "HideWasSavedPrice": false,
                    "SapCategories": null,
                    "Brand": "coca cola",
                    "FooterTag": {
                        "TagContent": null,
                        "TagLink": null,
                        "FallbackText": null,
                        "TagType": "None"
                    },
                    "IsFooterEnabled": false,
                    "Diagnostics": null
                },
                {
                    "Stockcode": 244979,
                    "CupPrice": 1.4,
                    "CupMeasure": "1L",
                    "CupString": "$1.40 / 1L",
                    "HasCupPrice": true,
                    "Price": 2.8,
                    "Name": "Coca Cola Zero ",
                    "UrlFriendlyName": "coca-cola-zero",
                    "Description": " Coca Cola Zero  2l",
                    "SmallImageFile": "https://wowpmediaaas.azureedge.net/content/wowproductimages/small/244979.jpg",
                    "MediumImageFile": "https://wowpmediaaas.azureedge.net/content/wowproductimages/medium/244979.jpg",
                    "LargeImageFile": "https://wowpmediaaas.azureedge.net/content/wowproductimages/large/244979.jpg",
                    "IsNew": false,
                    "IsOnSpecial": true,
                    "IsEdrSpecial": false,
                    "SavingsAmount": 1.3,
                    "WasPrice": 4.1,
                    "QuantityInTrolley": 0,
                    "Unit": "Each",
                    "MinimumQuantity": 1,
                    "IsInTrolley": false,
                    "Source": "SearchProducts",
                    "SupplyLimit": 24,
                    "PackageSize": "2l",
                    "IsPmDelivery": false,
                    "IsForCollection": true,
                    "IsForDelivery": true,
                    "CentreTag": {
                        "TagContent": null,
                        "TagLink": null,
                        "FallbackText": null,
                        "TagType": "None"
                    },
                    "IsCentreTag": false,
                    "ImageTag": {
                        "TagContent": "/content/promotiontags/final-special.png",
                        "TagLink": "",
                        "FallbackText": "On Special",
                        "TagType": "None"
                    },
                    "HeaderTag": null,
                    "HasHeaderTag": false,
                    "UnitWeightInGrams": 2052,
                    "SupplyLimitMessage": "'Coca Cola Zero ' has a supply limit of 24. The quantity in your cart has been reduced accordingly. To purchase a larger quantity, please contact us on 1800 000 610, or e-mail us at shoponline@woolworths.com.au. Please note - we do not supply trade orders.",
                    "SmallFormatDescription": "Coca Cola Zero ",
                    "FullDescription": "Coca Cola Zero ",
                    "IsAvailable": true,
                    "AgeRestricted": false,
                    "DisplayQuantity": 1,
                    "RichDescription": "",
                    "IsDeliveryPass": false,
                    "HideWasSavedPrice": false,
                    "SapCategories": null,
                    "Brand": "coca cola",
                    "FooterTag": {
                        "TagContent": null,
                        "TagLink": null,
                        "FallbackText": null,
                        "TagType": "None"
                    },
                    "IsFooterEnabled": false,
                    "Diagnostics": null
                }
            ],
            "Name": " Coca Cola Zero Bottle "
        },
        {
            "Products": [
                {
                    "Stockcode": 244982,
                    "CupPrice": 5.65,
                    "CupMeasure": "1L",
                    "CupString": "$5.65 / 1L",
                    "HasCupPrice": true,
                    "Price": 3.39,
                    "Name": "Coca Cola Zero ",
                    "UrlFriendlyName": "coca-cola-zero",
                    "Description": " Coca Cola Zero  600ml",
                    "SmallImageFile": "https://wowpmediaaas.azureedge.net/content/wowproductimages/small/244982.jpg",
                    "MediumImageFile": "https://wowpmediaaas.azureedge.net/content/wowproductimages/medium/244982.jpg",
                    "LargeImageFile": "https://wowpmediaaas.azureedge.net/content/wowproductimages/large/244982.jpg",
                    "IsNew": false,
                    "IsOnSpecial": false,
                    "IsEdrSpecial": false,
                    "SavingsAmount": 0.00,
                    "WasPrice": 3.39,
                    "QuantityInTrolley": 0,
                    "Unit": "Each",
                    "MinimumQuantity": 1,
                    "IsInTrolley": false,
                    "Source": "SearchProducts",
                    "SupplyLimit": 36,
                    "PackageSize": "600ml",
                    "IsPmDelivery": false,
                    "IsForCollection": true,
                    "IsForDelivery": true,
                    "CentreTag": {
                        "TagContent": "<a title=\"2 for 6.00\" href=\"/Shop/OfferGroup/4590747\" ><span style=\"COLOR: #e2001a\">2 for $6.00</span> </a>",
                        "TagLink": "",
                        "FallbackText": null,
                        "TagType": "Html"
                    },
                    "IsCentreTag": true,
                    "ImageTag": {
                        "TagContent": "/content/promotiontags/final-bmsm.png",
                        "TagLink": "/Shop/SpecialsGroups/buy-more-save-more",
                        "FallbackText": "Buy More Save More",
                        "TagType": "None"
                    },
                    "HeaderTag": null,
                    "HasHeaderTag": false,
                    "UnitWeightInGrams": 600,
                    "SupplyLimitMessage": "'Coca Cola Zero ' has a supply limit of 36. The quantity in your cart has been reduced accordingly. To purchase a larger quantity, please contact us on 1800 000 610, or e-mail us at shoponline@woolworths.com.au. Please note - we do not supply trade orders.",
                    "SmallFormatDescription": "Coca Cola Zero ",
                    "FullDescription": "Coca Cola Zero ",
                    "IsAvailable": true,
                    "AgeRestricted": false,
                    "DisplayQuantity": 1,
                    "RichDescription": "",
                    "IsDeliveryPass": false,
                    "HideWasSavedPrice": false,
                    "SapCategories": null,
                    "Brand": "coca cola",
                    "FooterTag": {
                        "TagContent": null,
                        "TagLink": null,
                        "FallbackText": null,
                        "TagType": "None"
                    },
                    "IsFooterEnabled": false,
                    "Diagnostics": null
                }
            ],
            "Name": " Coca Cola Zero  "
        },
        {
            "Products": [
                {
                    "Stockcode": 244979,
                    "CupPrice": 1.4,
                    "CupMeasure": "1L",
                    "CupString": "$1.40 / 1L",
                    "HasCupPrice": true,
                    "Price": 2.8,
                    "Name": "Coca Cola Zero ",
                    "UrlFriendlyName": "coca-cola-zero",
                    "Description": " Coca Cola Zero  2l",
                    "SmallImageFile": "https://wowpmediaaas.azureedge.net/content/wowproductimages/small/244979.jpg",
                    "MediumImageFile": "https://wowpmediaaas.azureedge.net/content/wowproductimages/medium/244979.jpg",
                    "LargeImageFile": "https://wowpmediaaas.azureedge.net/content/wowproductimages/large/244979.jpg",
                    "IsNew": false,
                    "IsOnSpecial": true,
                    "IsEdrSpecial": false,
                    "SavingsAmount": 1.3,
                    "WasPrice": 4.1,
                    "QuantityInTrolley": 0,
                    "Unit": "Each",
                    "MinimumQuantity": 1,
                    "IsInTrolley": false,
                    "Source": "SearchProducts",
                    "SupplyLimit": 24,
                    "PackageSize": "2l",
                    "IsPmDelivery": false,
                    "IsForCollection": true,
                    "IsForDelivery": true,
                    "CentreTag": {
                        "TagContent": null,
                        "TagLink": null,
                        "FallbackText": null,
                        "TagType": "None"
                    },
                    "IsCentreTag": false,
                    "ImageTag": {
                        "TagContent": "/content/promotiontags/final-special.png",
                        "TagLink": "",
                        "FallbackText": "On Special",
                        "TagType": "None"
                    },
                    "HeaderTag": null,
                    "HasHeaderTag": false,
                    "UnitWeightInGrams": 2052,
                    "SupplyLimitMessage": "'Coca Cola Zero ' has a supply limit of 24. The quantity in your cart has been reduced accordingly. To purchase a larger quantity, please contact us on 1800 000 610, or e-mail us at shoponline@woolworths.com.au. Please note - we do not supply trade orders.",
                    "SmallFormatDescription": "Coca Cola Zero ",
                    "FullDescription": "Coca Cola Zero ",
                    "IsAvailable": true,
                    "AgeRestricted": false,
                    "DisplayQuantity": 1,
                    "RichDescription": "",
                    "IsDeliveryPass": false,
                    "HideWasSavedPrice": false,
                    "SapCategories": null,
                    "Brand": "coca cola",
                    "FooterTag": {
                        "TagContent": null,
                        "TagLink": null,
                        "FallbackText": null,
                        "TagType": "None"
                    },
                    "IsFooterEnabled": false,
                    "Diagnostics": null
                }
            ],
            "Name": " Coca Cola Zero  "
        }
    ],
    "Corrections": null,
    "SearchResultsCount": 32,
    "VisualShoppingAisleResponse": [
        {
            "RichRelevanceId": "VSA_45",
            "Name": "Drinks",
            "UrlFriendlyName": "drinks",
            "Color": "#ffffff",
            "TextColor": "#373737",
            "NumberColor": "#929292",
            "IconFile": "https://wowpmediaaas.azureedge.net/content/wowaisleimages/drinks.svg",
            "ChildCategories": [
                {
                    "RichRelevanceId": "VSC_350",
                    "Name": "soft drink bottles",
                    "UrlFriendlyName": "soft-drink-bottles",
                    "ImageFile": "https://wowpmediaaas.azureedge.net/content/wowcategoryimages/small/soft-drink-bottles.jpg",
                    "RetinaImageFile": "https://wowpmediaaas.azureedge.net/content/wowcategoryimages/large/soft-drink-bottles.jpg",
                    "ProductCount": 16,
                    "IsRestricted": false,
                    "IsEligibleForRanking": false
                },
                {
                    "RichRelevanceId": "VSC_351",
                    "Name": "soft drink cans",
                    "UrlFriendlyName": "soft-drink-cans",
                    "ImageFile": "https://wowpmediaaas.azureedge.net/content/wowcategoryimages/small/soft-drink-cans.jpg",
                    "RetinaImageFile": "https://wowpmediaaas.azureedge.net/content/wowcategoryimages/large/soft-drink-cans.jpg",
                    "ProductCount": 18,
                    "IsRestricted": false,
                    "IsEligibleForRanking": false
                }
            ],
            "HasLandingPage": false
        }
    ],
    "Aggregations": [
        {
            "Name": "VSA",
            "DisplayName": null,
            "Type": "Multi",
            "FilterType": "Term",
            "FilterDataType": "String",
            "Results": [
                {
                    "Name": "45//Drinks//#ffffff//10//soft drink bottles//20//drinks",
                    "Term": "45//Drinks//#ffffff//10//soft drink bottles//20//drinks",
                    "ExtraOutputFields": {},
                    "Min": null,
                    "Max": null,
                    "Applied": false,
                    "Count": 16
                },
                {
                    "Name": "45//Drinks//#ffffff//10//soft drink cans//22//drinks",
                    "Term": "45//Drinks//#ffffff//10//soft drink cans//22//drinks",
                    "ExtraOutputFields": {},
                    "Min": null,
                    "Max": null,
                    "Applied": false,
                    "Count": 18
                }
            ],
            "State": "Closed",
            "Rank": 0,
            "AdditionalResults": false,
            "DesignType": null
        },
        {
            "Name": "Category",
            "DisplayName": "Category",
            "Type": "Multi",
            "FilterType": "Term",
            "FilterDataType": "String",
            "Results": [
                {
                    "Name": "1_0BAB2EB",
                    "Term": "1_0BAB2EB",
                    "ExtraOutputFields": {
                        "description.raw": "Soft Drinks",
                        "nodelevel.raw": "3",
                        "displayorder.raw": "516",
                        "parentnodeid.raw": "1_C693949"
                    },
                    "Min": null,
                    "Max": null,
                    "Applied": false,
                    "Count": 32
                },
                {
                    "Name": "1_5AF3A0A",
                    "Term": "1_5AF3A0A",
                    "ExtraOutputFields": {
                        "description.raw": "Drinks",
                        "nodelevel.raw": "1",
                        "displayorder.raw": "7"
                    },
                    "Min": null,
                    "Max": null,
                    "Applied": false,
                    "Count": 32
                },
                {
                    "Name": "1_ACA2FC2",
                    "Term": "1_ACA2FC2",
                    "ExtraOutputFields": {
                        "description.raw": "Freezer",
                        "nodelevel.raw": "1",
                        "displayorder.raw": "6"
                    },
                    "Min": null,
                    "Max": null,
                    "Applied": false,
                    "Count": 1
                },
                {
                    "Name": "1_B05DE1A",
                    "Term": "1_B05DE1A",
                    "ExtraOutputFields": {
                        "description.raw": "Ice Cream Tubs",
                        "nodelevel.raw": "3",
                        "displayorder.raw": "576",
                        "parentnodeid.raw": "1_D04DE47"
                    },
                    "Min": null,
                    "Max": null,
                    "Applied": false,
                    "Count": 1
                },
                {
                    "Name": "1_C693949",
                    "Term": "1_C693949",
                    "ExtraOutputFields": {
                        "description.raw": "Soft Drinks",
                        "nodelevel.raw": "2",
                        "displayorder.raw": "43",
                        "parentnodeid.raw": "1_5AF3A0A"
                    },
                    "Min": null,
                    "Max": null,
                    "Applied": false,
                    "Count": 32
                },
                {
                    "Name": "1_D04DE47",
                    "Term": "1_D04DE47",
                    "ExtraOutputFields": {
                        "description.raw": "Ice Cream",
                        "nodelevel.raw": "2",
                        "displayorder.raw": "90",
                        "parentnodeid.raw": "1_ACA2FC2"
                    },
                    "Min": null,
                    "Max": null,
                    "Applied": false,
                    "Count": 1
                }
            ],
            "State": "Closed",
            "Rank": 0,
            "AdditionalResults": false,
            "DesignType": null
        }
    ]
}